%% This BibTeX bibliography file was created using BibDesk.
%% http://bibdesk.sourceforge.net/


%% Created for Henrik Leopold at 2020-08-03 17:25:30 +0200 


%% Saved with string encoding Unicode (UTF-8) 



@incollection{van2016data,
	Author = {van der Aalst, Wil},
	Booktitle = {Process mining},
	Date-Added = {2020-06-25 11:48:15 +0200},
	Date-Modified = {2020-08-03 17:22:52 +0200},
	Pages = {3--23},
	Publisher = {Springer},
	Title = {Data science in action},
	Year = {2016}}

@inproceedings{noessner2013rockit,
	Author = {Noessner, Jan and Niepert, Mathias and Stuckenschmidt, Heiner},
	Booktitle = {Twenty-Seventh AAAI Conference on Artificial Intelligence},
	Date-Added = {2020-06-24 18:11:13 +0200},
	Date-Modified = {2020-06-24 18:11:13 +0200},
	Title = {RockIt: Exploiting parallelism and symmetry for MAP inference in statistical relational models},
	Year = {2013}}

@inproceedings{pennington2014glove,
	Author = {Jeffrey Pennington and Richard Socher and Christopher D. Manning},
	Booktitle = {Empirical Methods in Natural Language Processing (EMNLP)},
	Date-Added = {2020-06-24 18:08:48 +0200},
	Date-Modified = {2020-07-29 13:11:19 +0200},
	Pages = {1532--1543},
	Title = {GloVe: Global Vectors for Word Representation},
	Year = {2014},
	Bdsk-Url-1 = {http://www.aclweb.org/anthology/D14-1162}}

@article{lund1996producing,
	Author = {Lund, Kevin and Burgess, Curt},
	Date-Added = {2020-06-18 12:01:07 +0200},
	Date-Modified = {2020-06-18 12:01:07 +0200},
	Journal = {Behavior research methods, instruments, \& computers},
	Number = {2},
	Pages = {203--208},
	Publisher = {Springer},
	Title = {Producing high-dimensional semantic spaces from lexical co-occurrence},
	Volume = {28},
	Year = {1996}}

@inproceedings{goldberg2009may,
	Author = {Goldberg, Andrew B and Fillmore, Nathanael and Andrzejewski, David and Xu, Zhiting and Gibson, Bryan and Zhu, Xiaojin},
	Booktitle = {Proceedings of Human Language Technologies: The 2009 Annual Conference of the North American Chapter of the Association for Computational Linguistics},
	Date-Added = {2020-06-16 22:58:14 +0200},
	Date-Modified = {2020-06-16 22:58:14 +0200},
	Pages = {263--271},
	Title = {May all your wishes come true: A study of wishes and how to recognize them},
	Year = {2009}}

@inproceedings{pawar2015deciphering,
	Author = {Pawar, Sachin and Ramrakhiyani, Nitin and Palshikar, Girish K and Hingmire, Swapnil},
	Booktitle = {International Conference on Applications of Natural Language to Information Systems},
	Date-Added = {2020-06-16 22:53:02 +0200},
	Date-Modified = {2020-06-16 22:53:02 +0200},
	Organization = {Springer},
	Pages = {204--211},
	Title = {Deciphering review comments: Identifying suggestions, appreciations and complaints},
	Year = {2015}}

@inproceedings{bontcheva-etal-2013-twitie,
	Author = {Bontcheva, Kalina and Derczynski, Leon and Funk, Adam and Greenwood, Mark and Maynard, Diana and Aswani, Niraj},
	Booktitle = {Proceedings of the International Conference Recent Advances in Natural Language Processing {RANLP} 2013},
	Date-Added = {2020-06-16 22:30:29 +0200},
	Date-Modified = {2020-07-29 13:09:06 +0200},
	Pages = {83--90},
	Title = {{T}wit{IE}: An Open-Source Information Extraction Pipeline for Microblog Text},
	Year = {2013},
	Bdsk-Url-1 = {https://www.aclweb.org/anthology/R13-1011}}

@inproceedings{ghose2007process,
	Author = {Ghose, Aditya and Koliadis, George and Chueng, Arthur},
	Booktitle = {2007 IEEE Congress on Services (Services 2007)},
	Date-Added = {2020-06-11 17:28:59 +0200},
	Date-Modified = {2020-06-11 17:28:59 +0200},
	Organization = {IEEE},
	Pages = {167--174},
	Title = {Process discovery from model and text artefacts},
	Year = {2007}}

@inproceedings{epure2015automatic,
	Author = {Epure, Elena Viorica and Martin-Rodilla, Patricia and Hug, Charlotte and Deneck\`{e}re, Rebecca and Salinesi, Camille},
	Booktitle = {2015 IEEE 9th International Conference on Research Challenges in Information Science (RCIS)},
	Date-Added = {2020-06-11 17:21:48 +0200},
	Date-Modified = {2020-06-12 14:11:13 +0200},
	Organization = {IEEE},
	Pages = {19--30},
	Title = {Automatic process model discovery from textual methodologies},
	Year = {2015}}

@inproceedings{sinha2010use,
	Author = {Sinha, Avik and Paradkar, Amit},
	Booktitle = {2010 IEEE International Conference on Web Services},
	Date-Added = {2020-06-11 17:19:40 +0200},
	Date-Modified = {2020-06-11 17:19:40 +0200},
	Organization = {IEEE},
	Pages = {473--480},
	Title = {Use cases to process specifications in business process modeling notation},
	Year = {2010}}

@inproceedings{de2009business,
	Author = {de AR Goncalves, Joao Carlos and Santoro, Flavia Maria and Baiao, Fernanda Araujo},
	Booktitle = {13th International Conference on Computer Supported Cooperative Work in Design},
	Date-Added = {2020-06-11 17:18:44 +0200},
	Date-Modified = {2020-06-12 14:07:32 +0200},
	Organization = {IEEE},
	Pages = {161--166},
	Title = {Business process mining from group stories},
	Year = {2009}}

@article{la2015detecting,
	Author = {La Rosa, Marcello and Dumas, Marlon and Ekanayake, Chathura C and Garc{\i}a-Banuelos, Luciano and Recker, Jan and ter Hofstede, Arthur HM},
	Date-Added = {2020-06-11 16:27:54 +0200},
	Date-Modified = {2020-06-15 13:28:38 +0200},
	Journal = {Information Systems},
	Pages = {102--125},
	Publisher = {Elsevier},
	Title = {Detecting approximate clones in business process model repositories},
	Volume = {49},
	Year = {2015}}

@article{dumas2013fast,
	Author = {Dumas, Marlon and Garc{\'\i}A-Ba{\~n}Uelos, Luciano and La Rosa, Marcello and Uba, Reina},
	Date-Added = {2020-06-11 16:27:32 +0200},
	Date-Modified = {2020-06-11 16:27:32 +0200},
	Journal = {Information Systems},
	Number = {4},
	Pages = {619--633},
	Publisher = {Elsevier},
	Title = {Fast detection of exact clones in business process model repositories},
	Volume = {38},
	Year = {2013}}

@article{gruhn2011detecting,
	Author = {Gruhn, Volker and Laue, Ralf},
	Date-Added = {2020-06-11 16:25:33 +0200},
	Date-Modified = {2020-06-11 16:25:33 +0200},
	Journal = {Enterprise Modelling and Information Systems Architectures (EMISAJ)},
	Number = {1},
	Pages = {3--15},
	Title = {Detecting common errors in event-driven process chains by label analysis},
	Volume = {6},
	Year = {2011}}

@article{becker2009towards,
	Author = {Becker, J\"{o}rg and Delfmann, Patrick and Herwig, Sebastian and Lis, Lukasz and Stein, Armin},
	Date-Added = {2020-06-11 16:24:01 +0200},
	Date-Modified = {2020-06-15 13:26:24 +0200},
	Title = {Towards increased comparability of conceptual models-enforcing naming conventions through domain thesauri and linguistic grammars},
	Year = {2009}}

@inproceedings{koschmider2007user,
	Author = {Koschmider, Agnes and Blanchard, Emmanuel},
	Booktitle = {Proceedings of the 1st IEEE International Conference on Research Challenges in Information Science},
	Date-Added = {2020-06-11 16:22:37 +0200},
	Date-Modified = {2020-06-11 16:22:37 +0200},
	Pages = {445--454},
	Title = {User assistance for business process model decomposition},
	Year = {2007}}

@article{ghattas2014improving,
	Author = {Ghattas, Johny and Soffer, Pnina and Peleg, Mor},
	Date-Added = {2020-06-10 14:16:44 +0200},
	Date-Modified = {2020-06-10 14:16:44 +0200},
	Journal = {Decision Support Systems},
	Pages = {93--107},
	Publisher = {Elsevier},
	Title = {Improving business process decision making based on past experience},
	Volume = {59},
	Year = {2014}}

@inproceedings{ceci2014completion,
	Author = {Ceci, Michelangelo and Lanotte, Pasqua Fabiana and Fumarola, Fabio and Cavallo, Dario Pietro and Malerba, Donato},
	Booktitle = {International Conference on Discovery Science},
	Date-Added = {2020-06-10 14:12:50 +0200},
	Date-Modified = {2020-06-10 14:12:50 +0200},
	Organization = {Springer},
	Pages = {49--61},
	Title = {Completion time and next activity prediction of processes using sequential pattern mining},
	Year = {2014}}

@article{van2011time,
	Author = {van der Aalst, Wil and Schonenberg, M Helen and Song, Minseok},
	Date-Added = {2020-06-10 14:11:44 +0200},
	Date-Modified = {2020-08-03 17:20:17 +0200},
	Journal = {Information systems},
	Number = {2},
	Pages = {450--475},
	Publisher = {Elsevier},
	Title = {Time prediction based on process mining},
	Volume = {36},
	Year = {2011}}

@article{adriansyah2012robust,
	Author = {Adriansyah, Arya and van Dongen, Boudewijn F and Piessens, David and Moe, T and Adams, Michael},
	Date-Added = {2020-06-09 21:44:15 +0200},
	Date-Modified = {2020-06-09 21:44:15 +0200},
	Journal = {Journal of Information Technology Theory and Application (JITTA)},
	Number = {3},
	Pages = {2},
	Title = {Robust Performance Analysis on YAWL Process Models with Advanced Constructs},
	Volume = {12},
	Year = {2012}}

@inproceedings{senderovich2016data,
	Author = {Senderovich, Arik and Rogge-Solti, Andreas and Gal, Avigdor and Mendling, Jan and Mandelbaum, Avishai and Kadish, Sarah and Bunnell, Craig A},
	Booktitle = {International Conference on Business Process Management},
	Date-Added = {2020-06-09 21:40:21 +0200},
	Date-Modified = {2020-06-09 21:40:21 +0200},
	Organization = {Springer},
	Pages = {35--52},
	Title = {Data-driven performance analysis of scheduled processes},
	Year = {2016}}

@inproceedings{li2019generic,
	Author = {Li, Chiao-Yun and van Zelst, Sebastiaan J and van der Aalst, Wil MP},
	Booktitle = {International Conference on Business Process Management},
	Date-Added = {2020-06-09 21:31:57 +0200},
	Date-Modified = {2020-06-09 21:31:57 +0200},
	Organization = {Springer},
	Pages = {199--211},
	Title = {A Generic Approach for Process Performance Analysis Using Bipartite Graph Matching},
	Year = {2019}}

@inproceedings{leemans2018hierarchical,
	Author = {Leemans, Maikel and Van Der Aalst, Wil and Van Den Brand, Mark GJ},
	Booktitle = {Proceedings of the 2018 International Conference on Software and System Process},
	Date-Added = {2020-06-09 21:30:55 +0200},
	Date-Modified = {2020-08-03 17:25:28 +0200},
	Pages = {96--105},
	Title = {Hierarchical performance analysis for process mining},
	Year = {2018}}

@inproceedings{accorsi2012exploitation,
	Author = {Accorsi, Rafael and Stocker, Thomas},
	Booktitle = {Proceedings of the 27th Annual ACM Symposium on Applied Computing},
	Date-Added = {2020-06-09 20:58:18 +0200},
	Date-Modified = {2020-06-09 20:58:18 +0200},
	Pages = {1709--1716},
	Title = {On the exploitation of process mining for security audits: the conformance checking case},
	Year = {2012}}

@inproceedings{adriansyah2011conformance,
	Author = {Adriansyah, Arya and van Dongen, Boudewijn F and van der Aalst, Wil},
	Booktitle = {2011 ieee 15th international enterprise distributed object computing conference},
	Date-Added = {2020-06-09 20:48:15 +0200},
	Date-Modified = {2020-08-03 17:22:34 +0200},
	Organization = {IEEE},
	Pages = {55--64},
	Title = {Conformance checking using cost-based fitness analysis},
	Year = {2011}}

@article{rozinat2008conformance,
	Author = {Rozinat, Anne and Van der Aalst, Wil MP},
	Date-Added = {2020-06-09 20:47:45 +0200},
	Date-Modified = {2020-06-09 20:47:45 +0200},
	Journal = {Information Systems},
	Number = {1},
	Pages = {64--95},
	Publisher = {Elsevier},
	Title = {Conformance checking of processes based on monitoring real behavior},
	Volume = {33},
	Year = {2008}}

@inproceedings{gunther2007fuzzy,
	Author = {G{\"u}nther, Christian W and Van Der Aalst, Wil MP},
	Booktitle = {International conference on business process management},
	Date-Added = {2020-06-09 20:46:21 +0200},
	Date-Modified = {2020-06-09 20:46:21 +0200},
	Organization = {Springer},
	Pages = {328--343},
	Title = {Fuzzy mining--adaptive process simplification based on multi-perspective metrics},
	Year = {2007}}

@inproceedings{weijters2011flexible,
	Author = {Weijters, AJMM and Ribeiro, JTS},
	Booktitle = {2011 IEEE symposium on computational intelligence and data mining (CIDM)},
	Date-Added = {2020-06-09 20:45:34 +0200},
	Date-Modified = {2020-06-09 20:45:34 +0200},
	Organization = {IEEE},
	Pages = {310--317},
	Title = {Flexible heuristics miner (FHM)},
	Year = {2011}}

@inproceedings{leemans2013discovering,
	Author = {Leemans, Sander JJ and Fahland, Dirk and van der Aalst, Wil},
	Booktitle = {International conference on business process management},
	Date-Added = {2020-06-09 20:43:11 +0200},
	Date-Modified = {2020-08-03 17:23:10 +0200},
	Organization = {Springer},
	Pages = {66--78},
	Title = {Discovering block-structured process models from event logs containing infrequent behaviour},
	Year = {2013}}

@article{muarucster2009redesigning,
	Author = {M{\u{a}}ru{\c{s}}ter, Laura and van Beest, Nick RTP},
	Date-Added = {2020-06-09 15:33:36 +0200},
	Date-Modified = {2020-06-09 15:33:36 +0200},
	Journal = {Knowledge and Information Systems},
	Number = {3},
	Pages = {267},
	Publisher = {Springer},
	Title = {Redesigning business processes: a methodology based on simulation and process mining techniques},
	Volume = {21},
	Year = {2009}}

@inproceedings{gupta2015pariket,
	Author = {Gupta, Nisha and Anand, Kritika and Sureka, Ashish},
	Booktitle = {International Workshop on Databases in Networked Information Systems},
	Date-Added = {2020-06-09 14:45:52 +0200},
	Date-Modified = {2020-06-09 14:45:52 +0200},
	Organization = {Springer},
	Pages = {244--263},
	Title = {Pariket: Mining business process logs for root cause analysis of anomalous incidents},
	Year = {2015}}

@inproceedings{suriadi2012root,
	Author = {Suriadi, Suriadi and Ouyang, Chun and van der Aalst, Wil MP and ter Hofstede, Arthur HM},
	Booktitle = {International Conference on Business Process Management},
	Date-Added = {2020-06-09 14:45:24 +0200},
	Date-Modified = {2020-06-09 14:45:24 +0200},
	Organization = {Springer},
	Pages = {174--186},
	Title = {Root cause analysis with enriched process logs},
	Year = {2012}}

@inproceedings{van2015pm,
	Author = {van Eck, Maikel L and Lu, Xixi and Leemans, Sander JJ and van der Aalst, Wil MP},
	Booktitle = {International conference on advanced information systems engineering},
	Date-Added = {2020-06-09 14:08:23 +0200},
	Date-Modified = {2020-06-09 15:10:59 +0200},
	Organization = {Springer},
	Pages = {297--313},
	Title = {PM2: A Process Mining Project Methodology},
	Year = {2015}}

@article{rebuge2012business,
	Author = {Rebuge, {\'A}lvaro and Ferreira, Diogo R},
	Date-Added = {2020-06-09 14:07:11 +0200},
	Date-Modified = {2020-06-09 14:07:11 +0200},
	Journal = {Information systems},
	Number = {2},
	Pages = {99--116},
	Publisher = {Elsevier},
	Title = {Business process analysis in healthcare environments: A methodology based on process mining},
	Volume = {37},
	Year = {2012}}

@article{zerbino2018process,
	Author = {Zerbino, Pierluigi and Aloini, Davide and Dulmin, Riccardo and Mininno, Valeria},
	Date-Added = {2020-06-09 14:06:37 +0200},
	Date-Modified = {2020-06-09 14:06:37 +0200},
	Journal = {Expert Systems with Applications},
	Pages = {80--92},
	Publisher = {Elsevier},
	Title = {Process-mining-enabled audit of information systems: Methodology and an application},
	Volume = {110},
	Year = {2018}}

@inproceedings{calderon2013automatic,
	Author = {Calder{\'o}n-Ruiz, Guillermo and Sep{\'u}lveda, Marcos},
	Booktitle = {Anais do IX Simp{\'o}sio Brasileiro de Sistemas de Informa{\c{c}}{\~a}o},
	Date-Added = {2020-06-09 13:36:13 +0200},
	Date-Modified = {2020-06-09 13:36:13 +0200},
	Organization = {SBC},
	Pages = {439--450},
	Title = {Automatic discovery of failures in business processes using Process Mining techniques},
	Year = {2013}}

@incollection{DBLP:reference/bdt/Leopold19,
	Author = {Henrik Leopold},
	Booktitle = {Encyclopedia of Big Data Technologies},
	Date-Added = {2020-06-09 09:53:40 +0200},
	Date-Modified = {2020-07-29 13:10:15 +0200},
	Editor = {Sherif Sakr and Albert Y. Zomaya},
	Publisher = {Springer},
	Title = {Business Process Model Matching},
	Year = {2019},
	Bdsk-Url-1 = {https://doi.org/10.1007/978-3-319-63962-8%5C_107-1}}

@inproceedings{talukdar2010automatically,
	Author = {Talukdar, Partha Pratim and Ives, Zachary G and Pereira, Fernando},
	Booktitle = {Proceedings of the 2010 ACM SIGMOD International Conference on Management of data},
	Date-Added = {2020-06-09 09:43:19 +0200},
	Date-Modified = {2020-06-09 09:43:19 +0200},
	Pages = {387--398},
	Title = {Automatically incorporating new sources in keyword search-based data integration},
	Year = {2010}}

@inproceedings{pinto2001methodology,
	Author = {Pinto, Helena Sofia and Martins, Jo{\~a}o P},
	Booktitle = {Proceedings of the 1st international conference on Knowledge capture},
	Date-Added = {2020-06-09 09:42:45 +0200},
	Date-Modified = {2020-06-09 09:42:45 +0200},
	Pages = {131--138},
	Title = {A methodology for ontology integration},
	Year = {2001}}

@inproceedings{noy2006framework,
	Author = {Noy, Natalya F and Chugh, Abhita and Liu, William and Musen, Mark A},
	Booktitle = {International semantic web conference},
	Date-Added = {2020-06-09 09:41:22 +0200},
	Date-Modified = {2020-06-09 09:41:22 +0200},
	Organization = {Springer},
	Pages = {544--558},
	Title = {A framework for ontology evolution in collaborative environments},
	Year = {2006}}

@article{wald1990explaining,
	Author = {Wald, Joseph A and Sorenson, Paul G},
	Date-Added = {2020-06-09 09:31:36 +0200},
	Date-Modified = {2020-06-09 09:31:36 +0200},
	Journal = {ACM Transactions on Database Systems (TODS)},
	Number = {2},
	Pages = {125--161},
	Publisher = {ACM New York, NY, USA},
	Title = {Explaining ambiguity in a formal query language},
	Volume = {15},
	Year = {1990}}

@inproceedings{bernstein2000data,
	Author = {Bernstein, Philip A and Rahm, Erhard},
	Booktitle = {International Conference on Conceptual Modeling},
	Date-Added = {2020-06-09 09:30:54 +0200},
	Date-Modified = {2020-06-09 09:30:54 +0200},
	Organization = {Springer},
	Pages = {1--15},
	Title = {Data warehouse scenarios for model management},
	Year = {2000}}

@article{parent1998issues,
	Author = {Parent, Christine and Spaccapietra, Stefano},
	Date-Added = {2020-06-09 09:29:50 +0200},
	Date-Modified = {2020-06-09 09:29:50 +0200},
	Journal = {Communications of the ACM},
	Number = {5es},
	Pages = {166--178},
	Publisher = {ACM New York, NY, USA},
	Title = {Issues and approaches of database integration},
	Volume = {41},
	Year = {1998}}

@article{batini1986comparative,
	Author = {Batini, Carlo and Lenzerini, Maurizio and Navathe, Shamkant B.},
	Date-Added = {2020-06-09 09:28:59 +0200},
	Date-Modified = {2020-06-09 09:28:59 +0200},
	Journal = {ACM computing surveys (CSUR)},
	Number = {4},
	Pages = {323--364},
	Publisher = {ACM New York, NY, USA},
	Title = {A comparative analysis of methodologies for database schema integration},
	Volume = {18},
	Year = {1986}}

@inproceedings{meitz2013approach,
	Author = {Meitz, Martin and Leopold, Henrik and Mendling, Jan},
	Booktitle = {EMISA Forum},
	Date-Added = {2020-04-30 08:13:50 +0200},
	Date-Modified = {2020-04-30 08:13:50 +0200},
	Number = {2},
	Pages = {7--20},
	Title = {An Approach to Support Process Model Validation based on Text Generation.},
	Volume = {33},
	Year = {2013}}

@inproceedings{fellmann2015semantic2,
	Author = {Fellmann, Michael and Delfmann, Patrick and Koschmider, Agnes and Laue, Ralf and Leopold, Henrik and Schoknecht, Andreas},
	Booktitle = {EMISA Forum},
	Date-Added = {2020-04-30 08:12:22 +0200},
	Date-Modified = {2020-04-30 08:12:36 +0200},
	Number = {2},
	Pages = {12--23},
	Title = {Semantic Technology in Business Process Modeling and Analysis. Part 2: Domain Patterns and (Semantic) Process Model Elicitation.},
	Volume = {35},
	Year = {2015}}

@inproceedings{fellmann2015semantic,
	Author = {Fellmann, Michael and Delfmann, Patrick and Koschmider, Agnes and Laue, Ralf and Leopold, Henrik and Schoknecht, Andreas},
	Booktitle = {Emisa Forum},
	Date-Added = {2020-04-30 08:11:31 +0200},
	Date-Modified = {2020-04-30 08:11:31 +0200},
	Number = {1},
	Pages = {15--31},
	Title = {Semantic Technology in Business Process Modeling and Analysis. Part 1: Matching, Modeling Support, Correctness and Compliance.},
	Volume = {35},
	Year = {2015}}

@proceedings{DBLP:conf/emisa/2015,
	Date-Added = {2020-04-29 23:00:10 +0200},
	Date-Modified = {2020-04-29 23:00:28 +0200},
	Editor = {Jens Kolb and Henrik Leopold and Jan Mendling},
	Publisher = {{GI}},
	Series = {{LNI}},
	Title = {Enterprise Modelling and Information Systems Architectures, Proceedings of the 6th Int. Workshop on Enterprise Modelling and Information Systems Architectures, {EMISA} 2015, Innsbruck, Austria, September 3-4, 2015},
	Volume = {{P-248}},
	Year = {2015},
	Bdsk-Url-1 = {https://dl.gi.de/handle/20.500.12116/21101}}

@proceedings{DBLP:conf/bpm/2017d,
	Date-Added = {2020-04-29 22:59:27 +0200},
	Date-Modified = {2020-04-29 22:59:43 +0200},
	Editor = {Robert Claris{\'{o}} and Henrik Leopold and Jan Mendling and Wil M. P. van der Aalst and Akhil Kumar and Brian T. Pentland and Mathias Weske},
	Publisher = {CEUR-WS.org},
	Series = {{CEUR} Workshop Proceedings},
	Title = {Proceedings of the {BPM} Demo Track and {BPM} Dissertation Award co-located with 15th International Conference on Business Process Modeling {(BPM} 2017), Barcelona, Spain, September 13, 2017},
	Volume = {1920},
	Year = {2017},
	Bdsk-Url-1 = {http://ceur-ws.org/Vol-1920}}

@proceedings{DBLP:conf/bpm/2019d,
	Date-Added = {2020-04-29 22:57:30 +0200},
	Date-Modified = {2020-04-29 22:57:44 +0200},
	Editor = {Beno{\^{\i}}t Depaire and Johannes De Smedt and Marlon Dumas and Dirk Fahland and Akhil Kumar and Henrik Leopold and Manfred Reichert and Stefanie Rinderle{-}Ma and Stefan Schulte and Stefan Seidel and Wil M. P. van der Aalst},
	Publisher = {CEUR-WS.org},
	Series = {{CEUR} Workshop Proceedings},
	Title = {Proceedings of the Dissertation Award, Doctoral Consortium, and Demonstration Track at {BPM} 2019 co-located with 17th International Conference on Business Process Management, {BPM} 2019, Vienna, Austria, September 1-6, 2019},
	Volume = {2420},
	Year = {2019},
	Bdsk-Url-1 = {http://ceur-ws.org/Vol-2420}}

@inproceedings{kuss2016probabilistic,
	Author = {Kuss, Elena and Leopold, Henrik and Van der Aa, Han and Stuckenschmidt, Heiner and Reijers, Hajo A},
	Booktitle = {International Conference on Conceptual Modeling},
	Date-Added = {2020-04-29 22:51:48 +0200},
	Date-Modified = {2020-04-29 22:51:48 +0200},
	Organization = {Springer},
	Pages = {279--292},
	Title = {Probabilistic evaluation of process model matching techniques},
	Year = {2016}}

@inproceedings{leopold2010refactoring,
	Author = {Leopold, Henrik and Smirnov, Sergey and Mendling, Jan},
	Booktitle = {International Conference on Application of Natural Language to Information Systems},
	Date-Added = {2020-04-29 22:44:56 +0200},
	Date-Modified = {2020-04-29 22:44:56 +0200},
	Organization = {Springer},
	Pages = {268--276},
	Title = {Refactoring of process model activity labels},
	Year = {2010}}

@inproceedings{leopold2011automatic,
	Author = {Leopold, Henrik and Mendling, Jan and Reijers, Hajo A},
	Booktitle = {International Conference on Advanced Information Systems Engineering},
	Date-Added = {2020-04-29 22:43:03 +0200},
	Date-Modified = {2020-04-29 22:43:03 +0200},
	Organization = {Springer},
	Pages = {512--520},
	Title = {On the automatic labeling of process models},
	Year = {2011}}

@inproceedings{ahrend2012comparative,
	Author = {Ahrend, Norbert and Walser, Konrad and Leopold, Henrik},
	Booktitle = {IFIP Working Conference on The Practice of Enterprise Modeling},
	Date-Added = {2020-04-29 22:41:24 +0200},
	Date-Modified = {2020-04-29 22:41:47 +0200},
	Title = {Comparative Analysis of the Implementation of Business Process Management in Public Administration in Germany and Switzerland.},
	Year = {2012}}

@inproceedings{pittke2012enabling,
	Author = {Pittke, Fabian and Leopold, Henrik and Mendling, Jan and Tamm, Gerrit},
	Booktitle = {Business Process Management Workshops},
	Date-Added = {2020-04-29 22:40:16 +0200},
	Date-Modified = {2020-04-29 22:40:39 +0200},
	Organization = {Springer},
	Pages = {586--597},
	Title = {Enabling reuse of process models through the detection of similar process parts},
	Year = {2012}}

@inproceedings{leopold2012automatic,
	Author = {Leopold, Henrik and Mendling, Jan},
	Booktitle = {International Conference on Business Information Systems},
	Date-Added = {2020-04-29 22:39:27 +0200},
	Date-Modified = {2020-04-29 22:39:27 +0200},
	Organization = {Springer},
	Pages = {84--95},
	Title = {Automatic derivation of service candidates from business process model repositories},
	Year = {2012}}

@inproceedings{malinova2013empirical,
	Author = {Malinova, Monika and Leopold, Henrik and Mendling, Jan},
	Booktitle = {Wirtschaftsinformatik},
	Date-Added = {2020-04-29 22:37:30 +0200},
	Date-Modified = {2020-04-29 22:37:47 +0200},
	Title = {An Empirical Investigation on the Design of Process Architectures.},
	Volume = {75},
	Year = {2013}}

@inproceedings{kolb2013creating,
	Author = {Kolb, Jens and Leopold, Henrik and Mendling, Jan and Reichert, Manfred},
	Booktitle = {IFIP Working Conference on The Practice of Enterprise Modeling},
	Date-Added = {2020-04-29 22:36:53 +0200},
	Date-Modified = {2020-04-29 22:36:53 +0200},
	Organization = {Springer},
	Pages = {191--205},
	Title = {Creating and Updating Personalized and Verbalized Business Process Descriptions},
	Year = {2013}}

@incollection{pittke2013spotting,
	Author = {Pittke, Fabian and Leopold, Henrik and Mendling, Jan},
	Booktitle = {Enterprise, Business-Process and Information Systems Modeling},
	Date-Added = {2020-04-29 22:36:01 +0200},
	Date-Modified = {2020-04-29 22:36:01 +0200},
	Pages = {292--307},
	Publisher = {Springer},
	Title = {Spotting terminology deficiencies in process model repositories},
	Year = {2013}}

@inproceedings{batoulis2013automatic,
	Author = {Batoulis, Kimon and Eid-Sabbagh, Rami-Habib and Leopold, Henrik and Weske, Mathias and Mendling, Jan},
	Booktitle = {International Conference on Advanced Information Systems Engineering Workshops},
	Date-Added = {2020-04-29 22:26:56 +0200},
	Date-Modified = {2020-04-29 22:27:20 +0200},
	Organization = {Springer},
	Pages = {217--228},
	Title = {Automatic business process model translation with bpmt},
	Year = {2013}}

@inproceedings{leopold2013towards,
	Author = {Leopold, Henrik and Pittke, Fabian and Mendling, Jan},
	Booktitle = {Business Process Management Workshops},
	Date-Added = {2020-04-29 22:25:27 +0200},
	Date-Modified = {2020-04-29 22:25:39 +0200},
	Organization = {Springer},
	Pages = {417--429},
	Title = {Towards measuring process model granularity via natural language analysis},
	Year = {2013}}

@inproceedings{malinova2014explorative,
	Author = {Malinova, Monika and Leopold, Henrik and Mendling, Jan},
	Booktitle = {CAiSE Forum - Selected Extended Papers},
	Date-Added = {2020-04-29 22:23:12 +0200},
	Date-Modified = {2020-04-29 22:23:31 +0200},
	Organization = {Springer},
	Pages = {36--51},
	Title = {An explorative study for process map design},
	Year = {2014}}

@inproceedings{malinova2014meta,
	Author = {Malinova, Monika and Leopold, Henrik and Mendling, Jan},
	Booktitle = {CAiSE Forum},
	Date-Added = {2020-04-29 22:22:20 +0200},
	Date-Modified = {2020-04-29 22:22:27 +0200},
	Pages = {25--32},
	Title = {A Meta-Model for Process Map Design.},
	Year = {2014}}

@inproceedings{pittke2014language,
	Author = {Pittke, Fabian and Leopold, Henrik and Mendling, Jan},
	Booktitle = {Business Process Management Workshops},
	Date-Added = {2020-04-29 22:21:21 +0200},
	Date-Modified = {2020-04-29 22:21:32 +0200},
	Organization = {Springer},
	Pages = {118--129},
	Title = {When language meets language: Anti patterns resulting from mixing natural and modeling language},
	Year = {2014}}

@inproceedings{schunselaar2014configuring,
	Author = {Schunselaar, Dennis MM and Leopold, Henrik and Verbeek, HMW and van der Aalst, Wil MP and Reijers, Hajo A},
	Booktitle = {Business Process Management Workshops},
	Date-Added = {2020-04-29 22:20:28 +0200},
	Date-Modified = {2020-04-29 22:20:38 +0200},
	Organization = {Springer},
	Pages = {105--117},
	Title = {Configuring configurable process models made easier: an automated approach},
	Year = {2014}}

@inproceedings{rodrigues2015experiment,
	Author = {Rodrigues, Raphael De A and Barros, M{\'a}rcio De O and Revoredo, Kate and Azevedo, Leonardo G and Leopold, Henrik},
	Booktitle = {2015 29th Brazilian Symposium on Software Engineering},
	Date-Added = {2020-04-29 22:19:44 +0200},
	Date-Modified = {2020-04-29 22:19:44 +0200},
	Organization = {IEEE},
	Pages = {41--50},
	Title = {An experiment on process model understandability using textual work instructions and BPMN models},
	Year = {2015}}

@inproceedings{unger2015much,
	Author = {Unger, Malte and Leopold, Henrik and Mendling, Jan},
	Booktitle = {International Conference on System Sciences},
	Date-Added = {2020-04-29 22:18:17 +0200},
	Date-Modified = {2020-04-29 22:18:23 +0200},
	Organization = {IEEE},
	Pages = {4990--4999},
	Title = {How much flexibility is good for knowledge intensive business processes: A study of the effects of informal work practices},
	Year = {2015}}

@inproceedings{antunes2015process,
	Author = {Antunes, Goncalo and Bakhshandeh, Marzieh and Borbinha, Jose and Cardoso, Joao and Dadashnia, Sharam and Di Francescomarino, Chiara and Dragoni, Mauro and Fettke, Peter and Gal, Avigdor and Ghidini, Chiara and others},
	Booktitle = {Workshop on Enterprise Modeling and Information Systems Architectures},
	Date-Added = {2020-04-29 22:15:53 +0200},
	Date-Modified = {2020-04-29 22:17:40 +0200},
	Pages = {127--155},
	Publisher = {Gesellschaft f\"{u}r Informatik},
	Title = {The process model matching contest 2015},
	Volume = {248},
	Year = {2015}}

@inproceedings{van2016integrated,
	Author = {van der Aa, Han and Leopold, Henrik and Batoulis, Kimon and Weske, Mathias and Reijers, Hajo A},
	Booktitle = {Business Process Management Workshops},
	Date-Added = {2020-04-29 22:13:44 +0200},
	Date-Modified = {2020-04-29 22:13:55 +0200},
	Organization = {Springer},
	Pages = {405--417},
	Title = {Integrated process and decision modeling for data-driven processes},
	Year = {2016}}

@inproceedings{OAEI2016,
	Author = {Manel Achichi and Michelle Cheatham and Zlatan Dragisic and J{\'{e}}r{\^{o}}me Euzenat and Daniel Faria and Alfio Ferrara and Giorgos Flouris and Irini Fundulaki and Ian Harrow and Valentina Ivanova and Ernesto Jim{\'{e}}nez{-}Ruiz and Elena Kuss and Patrick Lambrix and Henrik Leopold and Huanyu Li and Christian Meilicke and Stefano Montanelli and Catia Pesquita and Tzanina Saveta and Pavel Shvaiko and Andrea Splendiani and Heiner Stuckenschmidt and Konstantin Todorov and C{\'{a}}ssia Trojahn dos Santos and Ondrej Zamazal},
	Booktitle = {International Workshop on Ontology Matching},
	Date-Added = {2020-04-29 22:12:19 +0200},
	Date-Modified = {2020-04-29 22:12:54 +0200},
	Pages = {73--129},
	Title = {Results of the Ontology Alignment Evaluation Initiative 2016},
	Year = {2016},
	Bdsk-Url-1 = {http://ceur-ws.org/Vol-1766/oaei16%5C_paper0.pdf}}

@inproceedings{rana2016textual,
	Author = {Rana, Maria and Shahzad, Khurram and Nawab, Rao Muhammad Adeel and Leopold, Henrik and Babar, Umair},
	Booktitle = {IFIP Working Conference on The Practice of Enterprise Modeling},
	Date-Added = {2020-04-29 22:10:55 +0200},
	Date-Modified = {2020-04-29 22:10:55 +0200},
	Organization = {Springer},
	Pages = {194--208},
	Title = {A textual description based approach to process matching},
	Year = {2016}}

@incollection{leopold2016integrating,
	Author = {Leopold, Henrik and van der Aa, Han and Pittke, Fabian and Raffel, Manuel and Mendling, Jan and Reijers, Hajo A},
	Booktitle = {Enterprise, Business-Process and Information Systems Modeling},
	Date-Added = {2020-04-29 22:08:45 +0200},
	Date-Modified = {2020-04-29 22:08:45 +0200},
	Pages = {51--65},
	Publisher = {Springer},
	Title = {Integrating textual and model-based process descriptions for comprehensive process search},
	Year = {2016}}

@inproceedings{andrade2016factors,
	Author = {Andrade, Ermeson and van der Aa, Han and Leopold, Henrik and Alter, Steven and Reijers, Hajo},
	Booktitle = {Americas Conference on Information Systems},
	Date-Added = {2020-04-29 22:07:28 +0200},
	Date-Modified = {2020-04-29 22:07:38 +0200},
	Title = {Factors leading to business process noncompliance and its positive and negative effects: Empirical insights from a case study},
	Year = {2016}}

@inproceedings{OAE2017,
	Author = {Manel Achichi and Michelle Cheatham and Zlatan Dragisic and J{\'{e}}r{\^{o}}me Euzenat and Daniel Faria and Alfio Ferrara and Giorgos Flouris and Irini Fundulaki and Ian Harrow and Valentina Ivanova and Ernesto Jim{\'{e}}nez{-}Ruiz and Kristian Kolthoff and Elena Kuss and Patrick Lambrix and Henrik Leopold and Huanyu Li and Christian Meilicke and Majid Mohammadi and Stefano Montanelli and Catia Pesquita and Tzanina Saveta and Pavel Shvaiko and Andrea Splendiani and Heiner Stuckenschmidt and {\'{E}}lodie Thi{\'{e}}blin and Konstantin Todorov and C{\'{a}}ssia Trojahn and Ondrej Zamazal},
	Booktitle = {International Workshop on Ontology Matching},
	Date-Added = {2020-04-29 22:04:00 +0200},
	Date-Modified = {2020-04-29 22:04:37 +0200},
	Pages = {61--113},
	Title = {Results of the Ontology Alignment Evaluation Initiative 2017},
	Year = {2017},
	Bdsk-Url-1 = {http://ceur-ws.org/Vol-2032/oaei17%5C_paper0.pdf}}

@inproceedings{kuss2017ranking,
	Author = {Kuss, Elena and Leopold, Henrik and Meilicke, Christian and Stuckenschmidt, Heiner},
	Booktitle = {OTM Confederated International Conferences - On the Move to Meaningful Internet Systems},
	Date-Added = {2020-04-29 22:02:20 +0200},
	Date-Modified = {2020-04-29 22:02:39 +0200},
	Organization = {Springer},
	Pages = {298--305},
	Title = {Ranking-based evaluation of process model matching},
	Year = {2017}}

@inproceedings{reijers2017towards,
	Author = {Reijers, Hajo A and Leopold, Henrik and Recker, Jan},
	Booktitle = {Hawaii International Conference on System Sciences},
	Date-Added = {2020-04-29 22:01:09 +0200},
	Date-Modified = {2020-04-29 22:01:30 +0200},
	Organization = {IEEE},
	Pages = {5773--5782},
	Title = {Towards a science of checklists},
	Year = {2017}}

@inproceedings{koorneef2017automatic,
	Author = {Koorneef, Marie and Solti, Andreas and Leopold, Henrik and Reijers, Hajo A},
	Booktitle = {Business Process Management Workshops},
	Date-Added = {2020-04-29 21:59:37 +0200},
	Date-Modified = {2020-04-29 22:00:34 +0200},
	Organization = {Springer},
	Pages = {204--215},
	Title = {Automatic root cause identification using most probable alignments},
	Year = {2017}}

@inproceedings{jabeen2017make,
	Author = {Jabeen, Fakhra and Leopold, Henrik and Reijers, Hajo A},
	Booktitle = {International Conference on Business Information Systems},
	Date-Added = {2020-04-29 21:58:28 +0200},
	Date-Modified = {2020-04-29 21:58:28 +0200},
	Organization = {Springer},
	Pages = {181--193},
	Title = {How to make process model matching work better? An analysis of current similarity measures},
	Year = {2017}}

@inproceedings{bakhshandeh2017predicting,
	Author = {Bakhshandeh, Marzieh and Schunselaar, Dennis MM and Leopold, Henrik and Reijers, Hajo A},
	Booktitle = {IEEE International Conference on Big Data},
	Date-Added = {2020-04-29 21:57:11 +0200},
	Date-Modified = {2020-04-29 21:57:21 +0200},
	Organization = {IEEE},
	Pages = {1259--1264},
	Title = {Predicting treatment repetitions in the implant denture therapy process},
	Year = {2017}}

@inproceedings{van2017causes,
	Author = {van der Aa, Han and Leopold, Henrik and van de Weerd, Inge and Reijers, Hajo A},
	Booktitle = {Americas Conference on Information Systems},
	Date-Added = {2020-04-29 21:55:58 +0200},
	Date-Modified = {2020-04-29 21:56:19 +0200},
	Title = {Causes and consequences of fragmented process information: Insights from a case study},
	Year = {2017}}

@inproceedings{heijenk2018empirical,
	Author = {Heijenk, Femke and van den Berg, Martin and Leopold, Henrik and van Vliet, Hans and Slot, Raymond},
	Booktitle = {European Conference on Software Architecture},
	Date-Added = {2020-04-29 21:54:56 +0200},
	Date-Modified = {2020-04-29 21:54:56 +0200},
	Organization = {Springer},
	Pages = {247--264},
	Title = {Empirical insights into the evolving role of architects in decision-making in an agile context},
	Year = {2018}}

@inproceedings{koorn2018task,
	Author = {Koorn, Jelmer Jan and Leopold, Henrik and Reijers, Hajo A},
	Booktitle = {European Conference on Information Systems},
	Date-Added = {2020-04-29 17:52:19 +0200},
	Date-Modified = {2020-04-29 17:52:40 +0200},
	Title = {A task framework for predicting the effects of automation},
	Year = {2018}}

@inproceedings{mendling2019natural,
	Author = {Mendling, Jan and Leopold, Henrik and Thom, Lucineia Heloisa and do Sul, Rio Grande and van der Aa, Han},
	Booktitle = {REFSQ Workshops},
	Date-Added = {2020-04-29 17:48:47 +0200},
	Date-Modified = {2020-04-29 17:49:19 +0200},
	Title = {Natural Language Processing with Process Models (NLP4RE Report Paper)},
	Year = {2019}}

@inproceedings{KoornLLR19,
	Author = {Jelmer Jan Koorn and Xixi Lu and Henrik Leopold and Hajo A. Reijers},
	Booktitle = {Advances in Conceptual Modeling - {ER} Workshops},
	Date-Added = {2020-04-29 17:45:51 +0200},
	Date-Modified = {2020-04-29 17:47:03 +0200},
	Pages = {135--145},
	Publisher = {Springer},
	Series = {Lecture Notes in Computer Science},
	Title = {Towards Understanding Aggressive Behavior in Residential Care Facilities Using Process Mining},
	Year = {2019},
	Bdsk-Url-1 = {https://doi.org/10.1007/978-3-030-34146-6%5C_12}}

@article{leopold2011recognising,
	Author = {Leopold, Henrik and Smirnov, Sergey and Mendling, Jan},
	Date-Added = {2020-04-29 17:34:33 +0200},
	Date-Modified = {2020-04-29 17:34:33 +0200},
	Journal = {Enterprise Modelling and Information Systems Architectures (EMISAJ)},
	Number = {1},
	Pages = {16--29},
	Title = {Recognising activity labeling styles in business process models},
	Volume = {6},
	Year = {2011}}

@incollection{dijkman2013short,
	Author = {Dijkman, Remco M and van Dongen, Boudewijn F and Dumas, Marlon and Garc{\'\i}a-Ba{\~n}uelos, Luciano and Kunze, Matthias and Leopold, Henrik and Mendling, Jan and Uba, Reina and Weidlich, Matthias and Weske, Mathias and others},
	Booktitle = {Seminal contributions to information systems engineering},
	Date-Added = {2020-04-29 17:26:25 +0200},
	Date-Modified = {2020-04-29 17:26:25 +0200},
	Pages = {421--427},
	Publisher = {Springer},
	Title = {A short survey on process model similarity},
	Year = {2013}}

@incollection{Leopold2019Match,
	Author = {Henrik Leopold},
	Booktitle = {Encyclopedia of Big Data Technologies},
	Date-Added = {2020-04-29 12:40:05 +0200},
	Date-Modified = {2020-04-29 12:44:16 +0200},
	Editor = {Sakr, Sherif and Zomaya, Albert Y.},
	Publisher = {Springer},
	Title = {Business Process Model Matching},
	Year = {2019}}

@book{Leopold2013Book,
	Author = {Henrik Leopold},
	Date-Added = {2020-04-29 12:10:08 +0200},
	Date-Modified = {2020-04-29 12:11:54 +0200},
	Publisher = {Springer},
	Series = {Lecture Notes in Business Information Processing (LNBIP)},
	Title = {Natural Language in Business Process Models: Theoretical Foundations, Techniques, and Applications},
	Volume = {168},
	Year = {2013}}

@inproceedings{beerepoot2019working,
	Author = {Beerepoot, Iris and Koorn, Jelmer Jan and van de Weerd, Inge and van den Hooff, Bart and Leopold, Henrik and Reijers, Hajo},
	Booktitle = {International Conference on Information Systems},
	Date-Added = {2020-04-24 20:55:10 +0200},
	Date-Modified = {2020-04-24 20:55:37 +0200},
	Title = {Working Around Health Information Systems: The Role of Power},
	Year = {2019}}

@incollection{leopold2018identifying,
	Author = {Leopold, Henrik and van der Aa, Han and Reijers, Hajo A},
	Booktitle = {Enterprise, Business-Process and Information Systems Modeling},
	Date-Added = {2020-04-21 21:07:55 +0200},
	Date-Modified = {2020-04-24 08:18:40 +0200},
	Pages = {67--81},
	Publisher = {Springer},
	Title = {Identifying candidate tasks for robotic process automation in textual process descriptions},
	Year = {2018}}

@unpublished{Mendling2020,
	Author = {Jan Mendling and Benoit Depaire and Henrik leopold},
	Date-Added = {2020-04-20 22:12:06 +0200},
	Date-Modified = {2020-04-20 22:12:43 +0200},
	Note = {Work in progress. To be submitted to: ACM Computing Surveys.},
	Title = {Method and practice of algorithm engineering},
	Year = {2020}}

@unpublished{Leopold2021,
	Author = {Henrik Leopold and Mathias Wekse and Erwin B\"{o}ttinger},
	Date-Added = {2020-04-20 21:56:30 +0200},
	Date-Modified = {2020-05-06 13:05:09 +0200},
	Note = {Work in progress.},
	Title = {Detecting conformance violations in treatment processes based on clinical notes},
	Year = {2021}}

@unpublished{Konovalenko2020,
	Author = {Iurii Konovalenko and Andr\'{e} Ludwig and Henrik Leopold},
	Date-Added = {2020-04-20 21:50:59 +0200},
	Date-Modified = {2020-04-20 21:52:15 +0200},
	Note = {Work in progress. To be submitted to: Decision Support Systems.},
	Title = {Real-time temperature prediction in a cold supply chain based on Newton's law of cooling},
	Year = {2020}}

@unpublished{Lu2020trace,
	Author = {Xixi Lu and Henrik Leopold and Hajo A. Reijers},
	Date-Added = {2020-04-20 21:36:14 +0200},
	Date-Modified = {2020-04-20 21:37:03 +0200},
	Note = {Work in progress. To be submitted to IEEE Transactions on Knowledge and Data Engineering.},
	Title = {Trace clustering on very large event data in healthcare},
	Year = {2020}}

@unpublished{Korn2021,
	Author = {Jelmer Koorn and Xixi Lu and Henrik Leopold and Hajo A. Reijers},
	Date-Added = {2020-04-20 21:27:59 +0200},
	Date-Modified = {2020-04-20 21:28:35 +0200},
	Note = {Work in progress. To be submitted to: Information Systems.},
	Title = {Effective process analysis based on action-response-effect patterns},
	Year = {2021}}

@unpublished{vda2021detecting,
	Author = {van der Aa, Han and Leopold, Henrik},
	Date-Added = {2020-04-20 21:21:43 +0200},
	Date-Modified = {2020-05-04 08:56:56 +0200},
	Note = {Work in progress.},
	Title = {Detecting execution anomalies based on semantic reasoning},
	Year = {2021}}

@unpublished{Dani2022,
	Author = {Vinicius Stein Dani and Henrik Leopold and Hajo A. Reijers},
	Date-Added = {2020-04-20 21:17:41 +0200},
	Date-Modified = {2020-04-20 21:18:43 +0200},
	Note = {Work in progress. To be submitted to IEEE Transactions on Knowledge and Data Engineering.},
	Title = {Automatic event log extraction from operational databases},
	Year = {2022}}

@unpublished{Dani2020,
	Author = {Vinicius Stein Dani and Henrik Leopold and Hajo A. Reijers},
	Date-Added = {2020-04-20 21:06:35 +0200},
	Date-Modified = {2020-04-20 21:08:15 +0200},
	Note = {Work in progress. To be submitted to: International Conference on Advanced Information Systems Engineering.},
	Title = {Automatically identifying foreign key relationships for event log extraction},
	Year = {2020}}

@unpublished{vda2020partial,
	Author = {van der Aa, Han and Leopold, Henrik and Weidlich, Matthias},
	Date-Added = {2020-04-20 16:28:37 +0200},
	Date-Modified = {2020-06-26 08:44:51 +0200},
	Month = {Accepted for publication.},
	Note = {Decision Support Systems},
	Title = {Partial Order Resolution of Event Logs for Process Conformance Checking},
	Year = {2020}}

@unpublished{Koorn2020,
	Author = {Jelmer Koorn and Xixi Lu and Henrik Leopold and Hajo A. Reijers},
	Date-Added = {2020-04-20 16:25:42 +0200},
	Date-Modified = {2020-06-26 09:02:03 +0200},
	Note = {International Conference on Business Process Management},
	Title = {Looking for Meaning: Discovering Action-Response-Effect Patterns in Business Processes},
	Year = {2020}}

@unpublished{vda2020semantic,
	Author = {van der Aa, Han and Leopold, Henrik},
	Date-Added = {2020-04-20 13:27:53 +0200},
	Date-Modified = {2020-05-04 08:56:35 +0200},
	Note = {Submitted to: International Conference on Business Process Management},
	Title = {Detecting Semantic Execution Anomalies in Event Logs},
	Year = {2020}}

@inproceedings{leopold2012generating,
	Author = {Leopold, Henrik and Mendling, Jan and Polyvyanyy, Artem},
	Booktitle = {International Conference on Advanced Information Systems Engineering},
	Date-Added = {2020-04-19 21:41:47 +0200},
	Date-Modified = {2020-04-19 21:41:47 +0200},
	Organization = {Springer},
	Pages = {64--79},
	Title = {Generating natural language texts from business process models},
	Year = {2012}}

@inproceedings{van2016detecting,
	Author = {van der Aa, Han and Leopold, Henrik and Reijers, Hajo A},
	Booktitle = {International Conference on Business Process Management},
	Date-Added = {2020-04-19 21:32:38 +0200},
	Date-Modified = {2020-04-19 21:32:38 +0200},
	Organization = {Springer},
	Pages = {90--105},
	Title = {Detecting inconsistencies between process models and textual descriptions},
	Year = {2016}}

@inproceedings{van2016narrowing,
	Author = {van der Aa, Han and del-Rio-Ortega, Adela and Resinas, Manuel and Leopold, Henrik and Ruiz-Cort\'{e}s, Antonio and Mendling, Jan and Reijers, Hajo A},
	Booktitle = {International Conference on Advanced Information Systems Engineering},
	Date-Added = {2020-04-19 21:31:17 +0200},
	Date-Modified = {2020-06-25 12:35:51 +0200},
	Organization = {Springer},
	Pages = {543--557},
	Title = {Narrowing the business-IT gap in process performance measurement},
	Year = {2016}}

@inproceedings{van2016dealing,
	Author = {van der Aa, Han and Leopold, Henrik and Reijers, Hajo A},
	Booktitle = {International Conference on Business Process Management},
	Date-Added = {2020-04-19 21:29:43 +0200},
	Date-Modified = {2020-05-04 09:02:02 +0200},
	Organization = {Springer},
	Pages = {271--288},
	Title = {Dealing with behavioral ambiguity in textual process descriptions},
	Year = {2016}}

@inproceedings{van2017checking,
	Author = {van der Aa, Han and Leopold, Henrik and Reijers, Hajo A},
	Booktitle = {International Conference on Advanced Information Systems Engineering},
	Date-Added = {2020-04-19 21:26:02 +0200},
	Date-Modified = {2020-04-19 21:26:02 +0200},
	Organization = {Springer},
	Pages = {79--93},
	Title = {Checking process compliance on the basis of uncertain event-to-activity mappings},
	Year = {2017}}

@inproceedings{van2018challenges,
	Author = {van der Aa, Han and Carmona Vargas, Josep and Leopold, Henrik and Mendling, Jan and Padr{\'o}, Llu{\'\i}s},
	Booktitle = {International Conference on Computational Linguistics},
	Date-Added = {2020-04-19 21:22:08 +0200},
	Date-Modified = {2020-05-04 09:02:13 +0200},
	Organization = {Association for Computational Linguistics},
	Pages = {2791--2801},
	Title = {Challenges and opportunities of applying natural language processing in business process management},
	Year = {2018}}

@inproceedings{van2019extracting,
	Author = {van der Aa, Han and Di Ciccio, Claudio and Leopold, Henrik and Reijers, Hajo A},
	Booktitle = {International Conference on Advanced Information Systems Engineering},
	Date-Added = {2020-04-19 21:20:02 +0200},
	Date-Modified = {2020-04-19 21:20:02 +0200},
	Organization = {Springer},
	Pages = {365--382},
	Title = {Extracting declarative process models from natural language},
	Year = {2019}}

@book{johannesson2014introduction,
	Author = {Johannesson, Paul and Perjons, Erik},
	Date-Added = {2020-04-19 20:24:50 +0200},
	Date-Modified = {2020-04-19 20:24:50 +0200},
	Publisher = {Springer},
	Title = {An introduction to design science},
	Year = {2014}}

@inproceedings{fabbrini2001linguistic,
	Author = {Fabbrini, Fabrizio and Fusani, Mario and Gnesi, Stefania and Lami, Giuseppe},
	Booktitle = {Software Engineering Workshop, 2001. Proceedings. 26th Annual NASA Goddard},
	Date-Added = {2020-04-19 20:24:50 +0200},
	Date-Modified = {2020-04-19 20:24:50 +0200},
	Organization = {IEEE},
	Pages = {97--105},
	Title = {The linguistic approach to the natural language requirements quality: benefit of the use of an automatic tool},
	Year = {2001}}

@inproceedings{kasser2006proposed,
	Author = {Kasser, Joseph and Scott, William and Tran, Xuan-Linh and Nesterov, Sergey},
	Booktitle = {The Conference on Systems Engineering Research},
	Date-Added = {2020-04-19 20:24:50 +0200},
	Date-Modified = {2020-04-19 20:24:50 +0200},
	Organization = {Citeseer},
	Pages = {1},
	Title = {A proposed research programme for determining a metric for a good requirement},
	Year = {2006}}

@inproceedings{wilson1997automated,
	Author = {Wilson, William M and Rosenberg, Linda H and Hyatt, Lawrence E},
	Booktitle = {International Conference on Software engineering},
	Date-Added = {2020-04-19 20:24:50 +0200},
	Date-Modified = {2020-04-24 08:23:09 +0200},
	Organization = {ACM},
	Pages = {161--171},
	Title = {Automated analysis of requirement specifications},
	Year = {1997}}

@article{genova2013framework,
	Author = {G{\'e}nova, Gonzalo and Fuentes, Jos{\'e} M and Llorens, Juan and Hurtado, Omar and Moreno, Valent{\'\i}n},
	Date-Added = {2020-04-19 20:24:50 +0200},
	Date-Modified = {2020-04-19 20:24:50 +0200},
	Journal = {Requirements engineering},
	Number = {1},
	Pages = {25--41},
	Publisher = {Springer},
	Title = {A framework to measure and improve the quality of textual requirements},
	Volume = {18},
	Year = {2013}}

@inproceedings{broy2006requirements,
	Author = {Broy, Manfred},
	Booktitle = {International Symposium on Computer and Information Sciences},
	Date-Added = {2020-04-19 20:24:50 +0200},
	Date-Modified = {2020-04-19 20:24:50 +0200},
	Organization = {Springer},
	Pages = {24--34},
	Title = {Requirements engineering as a key to holistic software quality},
	Year = {2006}}

@book{pohl2010requirements,
	Author = {Pohl, Klaus},
	Date-Added = {2020-04-19 20:24:50 +0200},
	Date-Modified = {2020-04-19 20:24:50 +0200},
	Publisher = {Springer Publishing Company, Incorporated},
	Title = {Requirements engineering: fundamentals, principles, and techniques},
	Year = {2010}}

@book{boehm1981software,
	Author = {Boehm, Barry W and others},
	Date-Added = {2020-04-19 20:24:50 +0200},
	Date-Modified = {2020-04-19 20:24:50 +0200},
	Publisher = {Prentice-hall Englewood Cliffs (NJ)},
	Title = {Software engineering economics},
	Volume = {197},
	Year = {1981}}

@inproceedings{davis2006effectiveness,
	Author = {Davis, Alan and Dieste, Oscar and Hickey, Ann and Juristo, Natalia and Moreno, Ana M},
	Booktitle = {IEEE International Requirements Engineering Conference},
	Date-Added = {2020-04-19 20:24:50 +0200},
	Date-Modified = {2020-04-24 07:57:59 +0200},
	Pages = {179--188},
	Publisher = {IEEE},
	Title = {Effectiveness of requirements elicitation techniques: Empirical results derived from a systematic review},
	Year = {2006}}

@techreport{winograd1971procedures,
	Author = {Winograd, Terry},
	Date-Added = {2020-04-19 20:24:50 +0200},
	Date-Modified = {2020-04-19 20:24:50 +0200},
	Institution = {DTIC Document},
	Title = {Procedures as a representation for data in a computer program for understanding natural language},
	Year = {1971}}

@inproceedings{choi2016dynamic,
	Author = {Choi, Jinho D},
	Booktitle = {Proceedings of NAACL-HLT},
	Date-Added = {2020-04-19 20:24:50 +0200},
	Date-Modified = {2020-04-19 20:24:50 +0200},
	Pages = {271--281},
	Title = {Dynamic feature induction: The last gist to the state-of-the-art},
	Year = {2016}}

@article{pittke2015automatic,
	Author = {Pittke, Fabian and Leopold, Henrik and Mendling, Jan},
	Date-Added = {2020-04-19 20:24:50 +0200},
	Date-Modified = {2020-04-19 20:24:50 +0200},
	Journal = {IEEE Transactions on Software Engineering},
	Number = {6},
	Pages = {526--544},
	Publisher = {IEEE},
	Title = {Automatic detection and resolution of lexical ambiguity in process models},
	Volume = {41},
	Year = {2015}}

@inproceedings{manning2011part,
	Author = {Manning, Christopher D},
	Booktitle = {International Conference on Intelligent Text Processing and Computational Linguistics},
	Date-Added = {2020-04-19 20:24:50 +0200},
	Date-Modified = {2020-04-19 20:24:50 +0200},
	Organization = {Springer},
	Pages = {171--189},
	Title = {Part-of-speech tagging from 97\% to 100\%: is it time for some linguistics?},
	Year = {2011}}

@incollection{weidlich2013predicting,
	Author = {Weidlich, Matthias and Sagi, Tomer and Leopold, Henrik and Gal, Avigdor and Mendling, Jan},
	Booktitle = {International Conference on Business Process Management},
	Date-Added = {2020-04-19 20:24:50 +0200},
	Date-Modified = {2020-04-24 07:59:06 +0200},
	Pages = {203--210},
	Publisher = {Springer},
	Title = {Predicting the quality of process model matching},
	Year = {2013}}

@inproceedings{makni2015business,
	Author = {Makni, Lobna and Haddar, Nahla Zaaboub and Ben-Abdallah, Han{\^e}ne},
	Booktitle = {International Joint Conference on e-Business and Telecommunications},
	Date-Added = {2020-04-19 20:24:50 +0200},
	Date-Modified = {2020-04-24 08:05:55 +0200},
	Pages = {64--71},
	Title = {Business process model matching: An approach based on semantics and structure},
	Volume = {2},
	Year = {2015}}

@inproceedings{leopold2012probabilistic,
	Author = {Leopold, Henrik and Niepert, Mathias and Weidlich, Matthias and Mendling, Jan and Dijkman, Remco and Stuckenschmidt, Heiner},
	Booktitle = {International Conference on Business Process Management},
	Date-Added = {2020-04-19 20:24:50 +0200},
	Date-Modified = {2020-04-19 20:24:50 +0200},
	Organization = {Springer},
	Pages = {319--334},
	Title = {Probabilistic optimization of semantic process model matching},
	Year = {2012}}

@article{leopold2015automatic,
	Author = {Leopold, Henrik and Pittke, Fabian and Mendling, Jan},
	Date-Added = {2020-04-19 20:24:50 +0200},
	Date-Modified = {2020-04-19 20:24:50 +0200},
	Journal = {Journal of Systems and Software},
	Pages = {134--147},
	Publisher = {Elsevier},
	Title = {Automatic service derivation from business process model repositories via semantic technology},
	Volume = {108},
	Year = {2015}}

@inproceedings{yousef2009bpaontosoa,
	Author = {Yousef, Rana and Odeh, Mohammad and Coward, David and Sharieh, Ahmad},
	Booktitle = {International Conference on the Applications of Digital Information and Web Technologies},
	Date-Added = {2020-04-19 20:24:50 +0200},
	Date-Modified = {2020-04-24 07:58:26 +0200},
	Organization = {IEEE},
	Pages = {50--55},
	Title = {BPAOntoSOA: A generic framework to derive software service oriented models from business process architectures},
	Year = {2009}}

@article{paulraj2012process,
	Author = {Paulraj, D and Swamynathan, S and Madhaiyan, M},
	Date-Added = {2020-04-19 20:24:50 +0200},
	Date-Modified = {2020-04-19 20:24:50 +0200},
	Journal = {Enterprise Information Systems},
	Number = {4},
	Pages = {445--471},
	Publisher = {Taylor \& Francis},
	Title = {Process model-based atomic service discovery and composition of composite semantic web services using web ontology language for services (OWL-S)},
	Volume = {6},
	Year = {2012}}

@article{leopold2013detection,
	Author = {Leopold, Henrik and Eid-Sabbagh, Rami-Habib and Mendling, Jan and Azevedo, Leonardo Guerreiro and Bai{\~a}o, Fernanda Araujo},
	Date-Added = {2020-04-19 20:24:50 +0200},
	Date-Modified = {2020-04-19 20:24:50 +0200},
	Journal = {Decision Support Systems},
	Pages = {310--325},
	Publisher = {Elsevier},
	Title = {Detection of naming convention violations in process models for different languages},
	Volume = {56},
	Year = {2013}}

@article{weber2011refactoring,
	Author = {Weber, Barbara and Reichert, Manfred and Mendling, Jan and Reijers, Hajo A},
	Date-Added = {2020-04-19 20:24:50 +0200},
	Date-Modified = {2020-04-19 20:24:50 +0200},
	Journal = {Computers in Industry},
	Number = {5},
	Pages = {467--486},
	Publisher = {Elsevier},
	Title = {Refactoring large process model repositories},
	Volume = {62},
	Year = {2011}}

@article{leopold2015we,
	Author = {Leopold, Henrik and Mendling, Jan and Gunther, Oliver},
	Date-Added = {2020-04-19 20:24:50 +0200},
	Date-Modified = {2020-04-19 20:24:50 +0200},
	Journal = {IEEE Software},
	Number = {4},
	Pages = {26--33},
	Publisher = {IEEE},
	Title = {Learning from Quality Issues of BPMN Models from Industry},
	Volume = {33},
	Year = {2015}}

@article{sidorova2011soundness,
	Author = {Sidorova, Natalia and Stahl, Christian and Tr{\v{c}}ka, Nikola},
	Date-Added = {2020-04-19 20:24:50 +0200},
	Date-Modified = {2020-04-19 20:24:50 +0200},
	Journal = {Information Systems},
	Number = {7},
	Pages = {1026--1043},
	Publisher = {Elsevier},
	Title = {Soundness verification for conceptual workflow nets with data: Early detection of errors with the most precision possible},
	Volume = {36},
	Year = {2011}}

@article{weber2010beyond,
	Author = {Weber, Ingo and Hoffmann, J{\"o}rg and Mendling, Jan},
	Date-Added = {2020-04-19 20:24:50 +0200},
	Date-Modified = {2020-04-19 20:24:50 +0200},
	Journal = {Distributed and Parallel Databases},
	Number = {3},
	Pages = {271--343},
	Publisher = {Springer},
	Title = {Beyond soundness: on the verification of semantic business process models},
	Volume = {27},
	Year = {2010}}

@incollection{van2000workflow,
	Author = {van der Aalst, Wil},
	Booktitle = {International Conference on Business Process Management},
	Date-Added = {2020-04-19 20:24:50 +0200},
	Date-Modified = {2020-08-03 17:22:41 +0200},
	Pages = {161--183},
	Publisher = {Springer},
	Title = {Workflow verification: Finding control-flow errors using petri-net-based techniques},
	Year = {2000}}

@article{baier2014bridging,
	Author = {Baier, Thomas and Mendling, Jan and Weske, Mathias},
	Date-Added = {2020-04-19 20:24:50 +0200},
	Date-Modified = {2020-04-19 20:24:50 +0200},
	Journal = {Information Systems},
	Pages = {123--139},
	Publisher = {Elsevier},
	Title = {Bridging abstraction layers in process mining},
	Volume = {46},
	Year = {2014}}

@article{kaplan2005balanced,
	Author = {Kaplan, Robert S and Norton, David P},
	Date-Added = {2020-04-19 20:24:50 +0200},
	Date-Modified = {2020-04-19 20:24:50 +0200},
	Journal = {Harvard Business Review},
	Number = {7},
	Pages = {172},
	Title = {The balanced scorecard: measures that drive performance},
	Volume = {83},
	Year = {2005}}

@article{Vaidyanathan2005,
	Author = {G. Vaidyanathan},
	Date-Added = {2020-04-19 20:24:50 +0200},
	Date-Modified = {2020-04-19 20:24:50 +0200},
	Journal = {ACM},
	Owner = {adeladelrio},
	Pages = {89-94},
	Timestamp = {2011.10.21},
	Title = {A framework for evaluating third-party logisics},
	Volume = {48},
	Year = {2005}}

@inproceedings{Krauth2005,
	Author = {Elfriede Krauth and Hans Moonen and Viara Popova and Martijn C. Schut},
	Bibsource = {DBLP, http://dblp.uni-trier.de},
	Booktitle = {International Conference on Enterprise Information Systems},
	Date-Added = {2020-04-19 20:24:50 +0200},
	Date-Modified = {2020-04-24 08:10:37 +0200},
	Pages = {239-247},
	Title = {Performance Measurement and Control in Logistics Service Providing},
	Year = {2005}}

@article{Chan2003,
	Author = {Chan, F.T.S.},
	Date-Added = {2020-04-19 20:24:50 +0200},
	Date-Modified = {2020-04-19 20:24:50 +0200},
	Journal = {Int. Journal of Advanced Manufacturing Technology},
	Owner = {adeladelrio},
	Pages = {534-548},
	Timestamp = {2011.10.21},
	Title = {Performance measurement in a supply chain},
	Volume = {21},
	Year = {2003}}

@article{Brewer2000,
	Author = {Brewer, P.C. and Speh, T.W.},
	Date-Added = {2020-04-19 20:24:50 +0200},
	Date-Modified = {2020-04-19 20:24:50 +0200},
	Journal = {Journal of Business Logistics},
	Owner = {adeladelrio},
	Pages = {75-93},
	Timestamp = {2011.10.21},
	Title = {Using the balance scorecard to measure supply chain performance},
	Volume = {21},
	Year = {2000}}

@inproceedings{DBLP:conf/iceis/KorherrL07,
	Author = {Birgit Korherr and Beate List},
	Booktitle = {International Conference on Enterprise Information Systems},
	Date-Added = {2020-04-19 20:24:50 +0200},
	Date-Modified = {2020-04-24 08:10:45 +0200},
	Pages = {287-294},
	Title = {Extending the {EPC} and the {BPMN} with Business Process Goals and Performance Measures},
	Year = {2007}}

@inproceedings{Pedrinaci2008,
	Author = {Carlos {Pedrinaci et al.}},
	Booktitle = {International Workshop on Ontology-Supported Business Intelligence},
	Date-Added = {2020-04-19 20:24:50 +0200},
	Date-Modified = {2020-04-24 08:20:16 +0200},
	Pages = {26-30},
	Title = {SENTINEL: a semantic business process monitoring tool},
	Year = {2008}}

@incollection{costello2009,
	Affiliation = {National University of Ireland Department of Information Technology Galway},
	Author = {Costello, Claire and Molloy, Owen},
	Booktitle = {Information Systems Development},
	Date-Added = {2020-04-19 20:24:50 +0200},
	Date-Modified = {2020-04-19 20:24:50 +0200},
	Isbn = {978-0-387-68772-8},
	Pages = {237-248},
	Publisher = {Springer US},
	Title = {Building a Process Performance Model for Business Activity Monitoring},
	Year = {2009}}

@article{gonzalez2009,
	Author = {Gonz\'{a}lez, Oscar and Casallas, Rubby and Deridder, Dirk},
	Date-Added = {2020-04-19 20:24:50 +0200},
	Date-Modified = {2020-04-19 20:24:50 +0200},
	Journal = {Business Information Systems},
	Pages = {157--168},
	Title = {{MMC-BPM: A Domain-Specific Language for Business Processes Analysis}},
	Volume = {21},
	Year = {2009}}

@article{Saldivar20161,
	Author = {Jorge Saldivar and Carla Vairetti and Carlos Rodr{\'\i}guez and Florian Daniel and Fabio Casati and Rosa Alarc{\'o}n},
	Date-Added = {2020-04-19 20:24:50 +0200},
	Date-Modified = {2020-04-19 20:24:50 +0200},
	Issn = {0306-4379},
	Journal = {Information Systems},
	Pages = {1 - 19},
	Title = {Analysis and improvement of business process models using spreadsheets},
	Volume = {57},
	Year = {2016}}

@article{do2007matching,
	Author = {Do, Hong-Hai and Rahm, Erhard},
	Date-Added = {2020-04-19 20:24:50 +0200},
	Date-Modified = {2020-04-19 20:24:50 +0200},
	Journal = {Information Systems},
	Number = {6},
	Pages = {857--885},
	Publisher = {Elsevier},
	Title = {Matching large schemas: Approaches and evaluation},
	Volume = {32},
	Year = {2007}}

@article{raunich2014target,
	Author = {Raunich, Salvatore and Rahm, Erhard},
	Date-Added = {2020-04-19 20:24:50 +0200},
	Date-Modified = {2020-04-19 20:24:50 +0200},
	Journal = {Information Systems},
	Pages = {1--14},
	Publisher = {Elsevier},
	Title = {Target-driven merging of taxonomies with {Atom}},
	Volume = {42},
	Year = {2014}}

@article{po2011automatic,
	Author = {Po, Laura and Sorrentino, Serena},
	Date-Added = {2020-04-19 20:24:50 +0200},
	Date-Modified = {2020-04-19 20:24:50 +0200},
	Journal = {Information Systems},
	Number = {2},
	Pages = {192--208},
	Publisher = {Elsevier},
	Title = {Automatic generation of probabilistic relationships for improving schema matching},
	Volume = {36},
	Year = {2011}}

@inproceedings{peshkin2003bayesian,
	Author = {Peshkin, Leonid and Pfeffer, Avi},
	Booktitle = {International Joint Conference on Artificial Intelligence},
	Date-Added = {2020-04-19 20:24:50 +0200},
	Date-Modified = {2020-04-24 08:22:56 +0200},
	Pages = {421--426},
	Title = {Bayesian Information Extraction Network},
	Year = {2003}}

@inproceedings{bikel2009entity,
	Author = {Bikel, Dan and Castelli, Vittorio and Florian, Radu and Han, Ding-jung},
	Booktitle = {TAC Workshop},
	Date-Added = {2020-04-19 20:24:50 +0200},
	Date-Modified = {2020-04-24 08:21:07 +0200},
	Title = {Entity linking and slot filling through statistical processing and inference rules},
	Year = {2009}}

@article{gorin1997may,
	Author = {Gorin, Allen L and Riccardi, Giuseppe and Wright, Jeremy H},
	Date-Added = {2020-04-19 20:24:50 +0200},
	Date-Modified = {2020-04-19 20:24:50 +0200},
	Journal = {Speech communication},
	Number = {1},
	Pages = {113--127},
	Publisher = {Elsevier},
	Title = {How may {I} help you?},
	Volume = {23},
	Year = {1997}}

@inproceedings{roth2001relational,
	Author = {Roth, Dan and Yih, Wen-Tau},
	Booktitle = {International Joint Conference on Artificial Intelligence},
	Date-Added = {2020-04-19 20:24:50 +0200},
	Date-Modified = {2020-04-19 20:24:50 +0200},
	Number = {1},
	Pages = {1257--1263},
	Title = {Relational learning via propositional algorithms: An information extraction case study},
	Volume = {17},
	Year = {2001}}

@inproceedings{wang2003combination,
	Author = {Wang, Ye-Yi and Acero, Alex},
	Booktitle = {European Conference on Speech Communication and Technology},
	Date-Added = {2020-04-19 20:24:50 +0200},
	Date-Modified = {2020-04-24 08:18:19 +0200},
	Title = {Combination of CFG and n-gram modeling in semantic grammar learning},
	Year = {2003}}

@inproceedings{tur2010left,
	Author = {Tur, Gokhan and Hakkani-T\"{u}r, Dilek and Heck, Larry},
	Booktitle = {IEEE Spoken Language Technology Workshop},
	Date-Added = {2020-04-19 20:24:50 +0200},
	Date-Modified = {2020-04-24 08:11:21 +0200},
	Organization = {IEEE},
	Pages = {19--24},
	Title = {What is left to be understood in ATIS?},
	Year = {2010}}

@inproceedings{weidlich2013matching,
	Author = {Weidlich, Matthias and Sheetrit, Eitam and Branco, Mois{\'e}s C and Gal, Avigdor},
	Booktitle = {International Conference on Conceptual Modeling},
	Date-Added = {2020-04-19 20:24:50 +0200},
	Date-Modified = {2020-04-19 20:24:50 +0200},
	Organization = {Springer},
	Pages = {130--137},
	Title = {Matching business process models using positional passage-based language models},
	Year = {2013}}

@article{rabiner1989tutorial,
	Author = {Rabiner, Lawrence R},
	Date-Added = {2020-04-19 20:24:50 +0200},
	Date-Modified = {2020-04-19 20:24:50 +0200},
	Journal = {Proceedings of the IEEE},
	Number = {2},
	Pages = {257--286},
	Publisher = {IEEE},
	Title = {A tutorial on hidden Markov models and selected applications in speech recognition},
	Volume = {77},
	Year = {1989}}

@article{razali2011power,
	Author = {Razali, Nornadiah Mohd and Wah, Yap Bee},
	Date-Added = {2020-04-19 20:24:50 +0200},
	Date-Modified = {2020-04-19 20:24:50 +0200},
	Journal = {Journal of Statistical Modeling and Analytics},
	Number = {1},
	Pages = {21--33},
	Title = {Power comparisons of shapiro-wilk, kolmogorov-smirnov, lilliefors and anderson-darling tests},
	Volume = {2},
	Year = {2011}}

@inproceedings{kohavi1995study,
	Author = {Kohavi, Ron},
	Booktitle = {International Joint Conferences on Artificial Intelligence},
	Date-Added = {2020-04-19 20:24:50 +0200},
	Date-Modified = {2020-04-24 08:11:55 +0200},
	Number = {2},
	Pages = {1137--1145},
	Title = {A study of cross-validation and bootstrap for accuracy estimation and model selection},
	Volume = {14},
	Year = {1995}}

@inproceedings{vanderaa2016narrowing,
	Author = {van der Aa, Han and del-R{\'\i}o-Ortega, Adela and Resinas, Manuel and Leopold, Henrik and Ruiz-Cort{\'e}s, Antonio and Mendling, Jan and Reijers, Hajo A},
	Booktitle = {International Conference on Advanced Information Systems Engineering},
	Date-Added = {2020-04-19 20:24:50 +0200},
	Date-Modified = {2020-04-24 07:57:06 +0200},
	Organization = {Springer},
	Pages = {543--557},
	Title = {Narrowing the Business-{IT} Gap in Process Performance Measurement},
	Year = {2016}}

@article{lami2004automatic,
	Author = {Lami, Giuseppe and Gnesi, Stefania and Fabbrini, Fabrizio and Fusani, Mario and Trentanni, Gianluca},
	Date-Added = {2020-04-19 20:24:50 +0200},
	Date-Modified = {2020-04-19 20:24:50 +0200},
	Journal = {Informe t{\'e}cnico, CNR Information Science and Technology Institute, Pisa, Italia, Setiembre},
	Title = {An automatic tool for the analysis of natural language requirements},
	Year = {2004}}

@book{franceschini2007management,
	Author = {Franceschini, Fiorenzo and Galetto, Maurizio and Maisano, Domenico},
	Date-Added = {2020-04-19 20:24:50 +0200},
	Date-Modified = {2020-04-19 20:24:50 +0200},
	Publisher = {Springer},
	Title = {Management by measurement: Designing key indicators and performance measurement systems},
	Year = {2007}}

@book{grosskopf2009process,
	Author = {Grosskopf, Alexander and Decker, Gero and Weske, Mathias},
	Date-Added = {2020-04-19 20:24:50 +0200},
	Date-Modified = {2020-04-19 20:24:50 +0200},
	Publisher = {Meghan Kiffer Press},
	Title = {The process: business process modeling using BPMN},
	Year = {2009}}

@article{selway2015formalising,
	Author = {Selway, Matt and Grossmann, Georg and Mayer, Wolfgang and Stumptner, Markus},
	Date-Added = {2020-04-19 20:24:50 +0200},
	Date-Modified = {2020-04-19 20:24:50 +0200},
	Journal = {Information Systems},
	Pages = {191--208},
	Publisher = {Elsevier},
	Title = {Formalising natural language specifications using a cognitive linguistic/configuration based approach},
	Volume = {54},
	Year = {2015}}

@article{mohri1997finite,
	Author = {Mohri, Mehryar},
	Date-Added = {2020-04-19 20:24:50 +0200},
	Date-Modified = {2020-04-19 20:24:50 +0200},
	Journal = {Computational linguistics},
	Number = {2},
	Pages = {269--311},
	Publisher = {MIT Press},
	Title = {Finite-state transducers in language and speech processing},
	Volume = {23},
	Year = {1997}}

@article{kupiec1992robust,
	Author = {Kupiec, Julian},
	Date-Added = {2020-04-19 20:24:50 +0200},
	Date-Modified = {2020-04-19 20:24:50 +0200},
	Journal = {Computer Speech \& Language},
	Number = {3},
	Pages = {225--242},
	Publisher = {Elsevier},
	Title = {Robust part-of-speech tagging using a hidden Markov model},
	Volume = {6},
	Year = {1992}}

@article{brown1993mathematics,
	Author = {Brown, Peter F and Pietra, Vincent J Della and Pietra, Stephen A Della and Mercer, Robert L},
	Date-Added = {2020-04-19 20:24:50 +0200},
	Date-Modified = {2020-04-19 20:24:50 +0200},
	Journal = {Computational linguistics},
	Number = {2},
	Pages = {263--311},
	Publisher = {MIT Press},
	Title = {The mathematics of statistical machine translation: Parameter estimation},
	Volume = {19},
	Year = {1993}}

@article{forney1973viterbi,
	Author = {Forney Jr, G David},
	Date-Added = {2020-04-19 20:24:50 +0200},
	Date-Modified = {2020-04-19 20:24:50 +0200},
	Journal = {Proceedings of the IEEE},
	Number = {3},
	Pages = {268--278},
	Publisher = {IEEE},
	Title = {The viterbi algorithm},
	Volume = {61},
	Year = {1973}}

@article{wang2005spoken,
	Author = {Wang, Ye-Yi and Deng, Li and Acero, Alex},
	Date-Added = {2020-04-19 20:24:50 +0200},
	Date-Modified = {2020-04-19 20:24:50 +0200},
	Journal = {Signal Processing Magazine, IEEE},
	Number = {5},
	Pages = {16--31},
	Publisher = {IEEE},
	Title = {Spoken language understanding},
	Volume = {22},
	Year = {2005}}

@article{delrio2016using,
	Author = {del-R{\'\i}o-Ortega, Adela and Resinas, Manuel and Dur{\'a}n, Amador and Ruiz-Cort{\'e}s, Antonio},
	Date-Added = {2020-04-19 20:24:50 +0200},
	Date-Modified = {2020-04-19 20:24:50 +0200},
	Journal = {Enterprise Information Systems},
	Number = {2},
	Pages = {159--192},
	Publisher = {Taylor \& Francis},
	Title = {Using templates and linguistic patterns to define process performance indicators},
	Volume = {10},
	Year = {2016}}

@inproceedings{Diamantini2014,
	Author = {Claudia Diamantini and Laura Genga and Domenico Potena and Emanuele Storti},
	Booktitle = {On the Move to Meaningful Internet Systems: OTM 2014 Conferences},
	Date-Added = {2020-04-19 20:24:50 +0200},
	Date-Modified = {2020-04-19 20:24:50 +0200},
	Pages = {148-165},
	Title = {Collaborative Building of an Ontology of Key Performance Indicators},
	Year = {2014}}

@article{Popova2010,
	Author = {Viara Popova and Alexei Sharpanskykh},
	Date-Added = {2020-04-19 20:24:50 +0200},
	Date-Modified = {2020-04-19 20:24:50 +0200},
	Journal = {Information Systems},
	Number = {4},
	Pages = {505-527},
	Title = {Modeling organizational performance indicators},
	Volume = {35},
	Year = {2010}}

@inproceedings{Wetzstein2008a,
	Author = {Branimir Wetzstein and Zhilei Ma and Frank Leymann},
	Booktitle = {International Conference on Business Information Systems},
	Date-Added = {2020-04-19 20:24:50 +0200},
	Date-Modified = {2020-04-24 08:01:42 +0200},
	Pages = {227-238},
	Title = {Towards Measuring Key Performance Indicators of Semantic Business Processes},
	Year = {2008}}

@inproceedings{Momm2007,
	Author = {Christof Momm and Robert Malec and Sebastian Abeck},
	Booktitle = {Wirtschaftsinformatik},
	Date-Added = {2020-04-19 20:24:50 +0200},
	Date-Modified = {2020-04-24 08:05:02 +0200},
	Pages = {319-336},
	Title = {Towards a Model-driven Development of Monitored Processes},
	Year = {2007}}

@article{IS_2012,
	Author = {Adela del-R{\'\i}o-Ortega and Manuel Resinas and Cristina Cabanillas and Antonio Ruiz-Cort{\'e}s},
	Date-Added = {2020-04-19 20:24:50 +0200},
	Date-Modified = {2020-04-19 20:24:50 +0200},
	Journal = {Information Systems},
	Number = {4},
	Pages = {470-490},
	Title = {{On the Definition and Design-time Analysis of Process Performance Indicators}},
	Volume = {38},
	Year = {2013}}

@book{AlexanderGrosskopfMar2009,
	Author = {Alexander Grosskopf and Gero Decker and Mathias Weske},
	Date-Added = {2020-04-19 20:24:50 +0200},
	Date-Modified = {2020-05-04 09:08:35 +0200},
	Publisher = {Megan-kiffer Press},
	Title = {The Process. Busisness Process Modeling using BPMN},
	Year = {Mar 2009}}

@article{weidlich2011efficient,
	Author = {Weidlich, Matthias and Mendling, Jan and Weske, Mathias},
	Date-Added = {2020-04-19 20:24:50 +0200},
	Date-Modified = {2020-04-19 20:24:50 +0200},
	Journal = {Software Engineering, IEEE Transactions on},
	Number = {3},
	Pages = {410--429},
	Publisher = {IEEE},
	Title = {Efficient consistency measurement based on behavioral profiles of process models},
	Volume = {37},
	Year = {2011}}

@inproceedings{de2006generating,
	Author = {De Marneffe, Marie-Catherine and MacCartney, Bill and Manning, Christopher D and others},
	Booktitle = {International Conference on Language Resources and Evaluation},
	Date-Added = {2020-04-19 20:24:50 +0200},
	Date-Modified = {2020-04-24 08:22:21 +0200},
	Pages = {449--454},
	Title = {Generating typed dependency parses from phrase structure parses},
	Volume = {6},
	Year = {2006}}

@article{cayoglutriple,
	Author = {Cayoglu, Ugur and Oberweis, Andreas and Schoknecht, Andreas and Ullrich, Meike},
	Date-Added = {2020-04-19 20:24:50 +0200},
	Date-Modified = {2020-04-19 20:24:50 +0200},
	Title = {Triple-S: A Matching Approach for {Petri} Nets on Syntactic, Semantic and Structural level}}

@inproceedings{weidlich2010icop,
	Author = {Weidlich, Matthias and Dijkman, Remco and Mendling, Jan},
	Booktitle = {International Conference on Advanced Information Systems Engineering},
	Date-Added = {2020-04-19 20:24:50 +0200},
	Date-Modified = {2020-04-24 07:57:34 +0200},
	Organization = {Springer},
	Pages = {483--498},
	Title = {The {IC}o{P} framework: Identification of correspondences between process models},
	Year = {2010}}

@incollection{klinkmuller2014listen,
	Author = {Klinkm{\"u}ller, Christopher and Leopold, Henrik and Weber, Ingo and Mendling, Jan and Ludwig, Andr{\'e}},
	Booktitle = {International Conference on Business Process Management},
	Date-Added = {2020-04-19 20:24:50 +0200},
	Date-Modified = {2020-04-24 07:59:29 +0200},
	Pages = {84--100},
	Publisher = {Springer},
	Title = {Listen to Me: Improving Process Model Matching through User Feedback},
	Year = {2014}}

@article{meziane2008generating,
	Author = {Meziane, Farid and Athanasakis, Nikos and Ananiadou, Sophia},
	Date-Added = {2020-04-19 20:24:50 +0200},
	Date-Modified = {2020-04-19 20:24:50 +0200},
	Journal = {Requirements Engineering},
	Number = {1},
	Pages = {1--18},
	Publisher = {Springer},
	Title = {Generating Natural Language specifications from {UML} class diagrams},
	Volume = {13},
	Year = {2008}}

@inproceedings{lavoie1996modelexplainer,
	Author = {Lavoie, Benoit and Rambow, Owen and Reiter, Ehud},
	Booktitle = {International Workshop on Natural Language Generation, Herstmonceux, Sussex},
	Date-Added = {2020-04-19 20:24:50 +0200},
	Date-Modified = {2020-04-24 08:11:32 +0200},
	Title = {The modelexplainer},
	Year = {1996}}

@article{gomez1999system,
	Author = {Gomez, Fernando and Segami, Carlos and Delaune, Carl},
	Date-Added = {2020-04-19 20:24:50 +0200},
	Date-Modified = {2020-04-19 20:24:50 +0200},
	Journal = {Data \& Knowledge Engineering},
	Number = {1},
	Pages = {57--81},
	Publisher = {Elsevier},
	Title = {A system for the semiautomatic generation of {ER} models from natural language specifications},
	Volume = {29},
	Year = {1999}}

@incollection{bajwa2012natural,
	Author = {Bajwa, Imran Sarwar and Choudhary, M Abbas},
	Booktitle = {Enterprise Information Systems},
	Date-Added = {2020-04-19 20:24:50 +0200},
	Date-Modified = {2020-04-19 20:24:50 +0200},
	Pages = {224--237},
	Publisher = {Springer},
	Title = {From Natural Language Software Specifications to {UML} Class Models},
	Year = {2012}}

@incollection{uba2011clone,
	Author = {Uba, Reina and Dumas, Marlon and Garc{\'\i}a-Ba{\~n}uelos, Luciano and La Rosa, Marcello},
	Booktitle = {International Conference on Business Process Management},
	Date-Added = {2020-04-19 20:24:50 +0200},
	Date-Modified = {2020-04-24 07:59:21 +0200},
	Pages = {248--264},
	Publisher = {Springer},
	Title = {Clone detection in repositories of business process models},
	Year = {2011}}

@article{la2013business,
	Author = {La Rosa, Marcello and Dumas, Marlon and Uba, Reina and Dijkman, Remco},
	Date-Added = {2020-04-19 20:24:50 +0200},
	Date-Modified = {2020-04-24 08:25:51 +0200},
	Journal = {ACM Transactions on Software Engineering and Methodology},
	Number = {2},
	Pages = {11},
	Publisher = {ACM},
	Title = {Business process model merging: An approach to business process consolidation},
	Volume = {22},
	Year = {2013}}

@inproceedings{cayoglu2013process,
	Author = {Cayoglu, Ugur and Dijkman, Remco M. and Dumas, Marlon and Fettke, Peter and Garc{\i}a-Banuelos, Luciano and Hake, Philip and Klinkm{\"u}ller, Christopher and Leopold, Henrik and Ludwig, Andr{\'e} and Loos, Peter and others},
	Booktitle = {International Workshop on Process Model Collections: Management and Reuse},
	Date-Added = {2020-04-19 20:24:50 +0200},
	Date-Modified = {2020-04-24 08:07:10 +0200},
	Title = {The Process Model Matching Contest 2013},
	Year = {2013}}

@article{noy2004semantic,
	Author = {Noy, Natalya F},
	Date-Added = {2020-04-19 20:24:50 +0200},
	Date-Modified = {2020-04-19 20:24:50 +0200},
	Journal = {ACM Sigmod Record},
	Number = {4},
	Pages = {65--70},
	Publisher = {ACM},
	Title = {Semantic integration: a survey of ontology-based approaches},
	Volume = {33},
	Year = {2004}}

@article{doan2005semantic,
	Author = {Doan, AnHai and Halevy, Alon Y},
	Date-Added = {2020-04-19 20:24:50 +0200},
	Date-Modified = {2020-04-19 20:24:50 +0200},
	Journal = {AI magazine},
	Number = {1},
	Pages = {83},
	Title = {Semantic integration research in the database community: A brief survey},
	Volume = {26},
	Year = {2005}}

@book{euzenat2007ontology,
	Author = {Euzenat, J{\'e}r{\^o}me and Shvaiko, Pavel and others},
	Date-Added = {2020-04-19 20:24:50 +0200},
	Date-Modified = {2020-04-19 20:24:50 +0200},
	Publisher = {Springer},
	Title = {Ontology matching},
	Volume = {18},
	Year = {2007}}

@incollection{giunchiglia2009semantic,
	Author = {Giunchiglia, Fausto and Shvaiko, Pavel and Yatskevich, Mikalai},
	Booktitle = {Encyclopedia of Database Systems},
	Date-Added = {2020-04-19 20:24:50 +0200},
	Date-Modified = {2020-04-19 20:24:50 +0200},
	Pages = {2561--2566},
	Publisher = {Springer},
	Title = {Semantic matching},
	Year = {2009}}

@incollection{kunze2011behavioral,
	Author = {K{\"u}nze, Matthias and Weidlich, Matthias and Weske, Mathias},
	Booktitle = {International Conference on Business Process Management},
	Date-Added = {2020-04-19 20:24:50 +0200},
	Date-Modified = {2020-04-24 07:59:13 +0200},
	Pages = {166--181},
	Publisher = {Springer},
	Title = {Behavioral similarity--a proper metric},
	Year = {2011}}

@article{dijkman2011similarity,
	Author = {Dijkman, Remco M and Dumas, Marlon and Van Dongen, Boudewijn F. and K{\"a}{\"a}rik, Reina and Mendling, Jan},
	Date-Added = {2020-04-19 20:24:50 +0200},
	Date-Modified = {2020-04-19 20:24:50 +0200},
	Journal = {Information Systems},
	Number = {2},
	Pages = {498--516},
	Publisher = {Elsevier},
	Title = {Similarity of business process models: Metrics and evaluation},
	Volume = {36},
	Year = {2011}}

@inproceedings{Sinha2010,
	Author = {Sinha, A. and Paradkar, A.},
	Booktitle = {IEEE International Conference on Web Services},
	Date-Added = {2020-04-19 20:24:50 +0200},
	Date-Modified = {2020-04-24 08:05:19 +0200},
	Pages = {473-480},
	Title = {Use Cases to Process Specifications in {B}usiness {P}rocess {M}odeling {N}otation},
	Year = {2010},
	Bdsk-Url-1 = {http://dx.doi.org/10.1109/ICWS.2010.105}}

@article{Chakraborty:2010oq,
	Author = {Suranjan Chakraborty and Saonee Sarker and Suprateek Sarker},
	Date-Added = {2020-04-19 20:24:50 +0200},
	Date-Modified = {2020-04-19 20:24:50 +0200},
	Journal = {J. AIS},
	Number = {4},
	Title = {An Exploration into the Process of Requirements Elicitation: A Grounded Approach},
	Volume = {11},
	Year = {2010}}

@book{DumasMR2013,
	Author = {Dumas, M. and Rosa, M.L. and Mendling, J. and Reijers, H.},
	Date-Added = {2020-04-19 20:24:50 +0200},
	Date-Modified = {2020-04-19 20:24:50 +0200},
	Publisher = {Springer},
	Title = {Fundamentals of Business Process Management},
	Year = {2013},
	Bdsk-Url-1 = {http://books.google.de/books?id=5nOjMQEACAAJ}}

@article{rosemann06a,
	Author = {Rosemann, M.},
	Date-Added = {2020-04-19 20:24:50 +0200},
	Date-Modified = {2020-04-19 20:24:50 +0200},
	Journal = {Business Process Management Journal},
	Number = {2},
	Pages = {249--254},
	Title = {{Potential Pitfalls of Process Modeling: Part A}},
	Volume = {12},
	Year = {2006}}

@article{kettinger1997business,
	Author = {Kettinger, W.J. and Teng, J.T.C. and Guha, S.},
	Date-Added = {2020-04-19 20:24:50 +0200},
	Date-Modified = {2020-04-19 20:24:50 +0200},
	Journal = {MIS quarterly},
	Pages = {55--80},
	Publisher = {JSTOR},
	Title = {{Business Process Change: a Study of Methodologies, Techniques, and Tools}},
	Year = {1997}}

@inproceedings{schumacher2013extracting,
	Author = {Schumacher, Pol and Minor, Mirjam and Schulte-Zurhausen, Eric},
	Booktitle = {IEEE International Conference on Information Reuse and Integration},
	Date-Added = {2020-04-19 20:24:50 +0200},
	Date-Modified = {2020-04-24 08:18:59 +0200},
	Organization = {IEEE},
	Pages = {285--292},
	Title = {Extracting and enriching workflows from text},
	Year = {2013}}

@inproceedings{friedrich2011process,
	Author = {Friedrich, Fabian and Mendling, Jan and Puhlmann, Frank},
	Booktitle = {International Conference on Advanced Information Systems Engineering},
	Date-Added = {2020-04-19 20:24:50 +0200},
	Date-Modified = {2020-04-24 07:57:26 +0200},
	Organization = {Springer},
	Pages = {482--496},
	Title = {Process model generation from natural language text},
	Year = {2011}}

@mastersthesis{friedrich2010automated,
	Author = {Friedrich, Fabian},
	Date-Added = {2020-04-19 20:24:50 +0200},
	Date-Modified = {2020-04-19 20:24:50 +0200},
	Title = {Automated generation of business process models from natural language input},
	Year = {2010}}

@inproceedings{lin1998information,
	Author = {Lin, Dekang},
	Booktitle = {International Conference on Machine Learning},
	Date-Added = {2020-04-19 20:24:50 +0200},
	Date-Modified = {2020-04-24 08:08:51 +0200},
	Pages = {296--304},
	Title = {An information-theoretic definition of similarity.},
	Volume = {98},
	Year = {1998}}

@article{miller1995wordnet,
	Author = {Miller, George A},
	Date-Added = {2020-04-19 20:24:50 +0200},
	Date-Modified = {2020-04-19 20:24:50 +0200},
	Journal = {Communications of the ACM},
	Number = {11},
	Pages = {39--41},
	Publisher = {ACM},
	Title = {{WordNet}: a lexical database for English},
	Volume = {38},
	Year = {1995}}

@inproceedings{manning-EtAl2014,
	Author = {Manning, Christopher D. and Surdeanu, Mihai and Bauer, John and Finkel, Jenny and Bethard, Steven J. and McClosky, David},
	Booktitle = {Annual Meeting of the Association for Computational Linguistics: System Demonstrations},
	Date-Added = {2020-04-19 20:24:50 +0200},
	Date-Modified = {2020-04-24 08:12:23 +0200},
	Pages = {55--60},
	Title = {The {Stanford} {CoreNLP} Natural Language Processing Toolkit},
	Year = {2014},
	Bdsk-Url-1 = {http://www.aclweb.org/anthology/P/P14/P14-5010}}

@article{leopoldsupporting2014,
	Author = {Leopold, Henrik and Mendling, Jan and Polyvyanyy, Artem},
	Date-Added = {2020-04-19 20:24:50 +0200},
	Date-Modified = {2020-04-19 20:24:50 +0200},
	Journal = {IEEE Transactions on Software Engineering},
	Number = {8},
	Pages = {818--840},
	Publisher = {JSTOR},
	Title = {Supporting Process Model Validation through Natural Language Generation},
	Volume = {40},
	Year = {2014}}

@article{marcus1993building,
	Author = {Marcus, Mitchell P and Marcinkiewicz, Mary Ann and Santorini, Beatrice},
	Date-Added = {2020-04-19 20:24:50 +0200},
	Date-Modified = {2020-04-19 20:24:50 +0200},
	Journal = {Computational linguistics},
	Number = {2},
	Pages = {313--330},
	Publisher = {MIT Press},
	Title = {Building a large annotated corpus of English: The Penn Treebank},
	Volume = {19},
	Year = {1993}}

@inproceedings{de2008stanford,
	Author = {De Marneffe, Marie-Catherine and Manning, Christopher D},
	Booktitle = {Workshop on Cross-Framework and Cross-Domain Parser Evaluation},
	Date-Added = {2020-04-19 20:24:50 +0200},
	Date-Modified = {2020-04-24 08:02:55 +0200},
	Pages = {1--8},
	Title = {The Stanford typed dependencies representation},
	Year = {2008}}

@book{jurafsky2000speech,
	Author = {Jurafsky, Dan and Martin, James H},
	Date-Added = {2020-04-19 20:24:50 +0200},
	Date-Modified = {2020-04-19 20:24:50 +0200},
	Publisher = {Pearson Education India},
	Title = {Speech \& language processing},
	Year = {2000}}

@article{turney2001mining,
	Author = {Turney, Peter},
	Date-Added = {2020-04-19 20:24:50 +0200},
	Date-Modified = {2020-04-19 20:24:50 +0200},
	Title = {Mining the web for synonyms: PMI-IR versus LSA on TOEFL},
	Year = {2001}}

@article{landauer1998introduction,
	Author = {Landauer, Thomas K and Foltz, Peter W and Laham, Darrell},
	Date-Added = {2020-04-19 20:24:50 +0200},
	Date-Modified = {2020-04-19 20:24:50 +0200},
	Journal = {Discourse processes},
	Number = {2-3},
	Pages = {259--284},
	Publisher = {Taylor \& Francis},
	Title = {An introduction to latent semantic analysis},
	Volume = {25},
	Year = {1998}}

@book{manning2008introduction,
	Author = {Manning, Christopher D and Raghavan, Prabhakar and Sch{\"u}tze, Hinrich},
	Date-Added = {2020-04-19 20:24:50 +0200},
	Date-Modified = {2020-04-19 20:24:50 +0200},
	Publisher = {Cambridge university press Cambridge},
	Title = {Introduction to information retrieval},
	Volume = {1},
	Year = {2008}}

@book{allweyer2010bpmn,
	Author = {Allweyer, Thomas},
	Date-Added = {2020-04-19 20:24:50 +0200},
	Date-Modified = {2020-04-19 20:24:50 +0200},
	Publisher = {BoD--Books on Demand},
	Title = {{BPMN} 2.0: introduction to the standard for business process modeling},
	Year = {2010}}

@incollection{achananuparp2008evaluation,
	Author = {Achananuparp, Palakorn and Hu, Xiaohua and Shen, Xiajiong},
	Booktitle = {Data Warehousing and Knowledge Discovery},
	Date-Added = {2020-04-19 20:24:50 +0200},
	Date-Modified = {2020-04-19 20:24:50 +0200},
	Pages = {305--316},
	Publisher = {Springer},
	Title = {The evaluation of sentence similarity measures},
	Year = {2008}}

@inproceedings{mihalcea2006corpus,
	Author = {Mihalcea, Rada and Corley, Courtney and Strapparava, Carlo},
	Booktitle = {AAAI Conference on Artificial Intelligence},
	Date-Added = {2020-04-19 20:24:50 +0200},
	Date-Modified = {2020-04-24 08:03:41 +0200},
	Pages = {775--780},
	Title = {Corpus-based and knowledge-based measures of text semantic similarity},
	Volume = {6},
	Year = {2006}}

@article{rahm2001survey,
	Author = {Rahm, Erhard and Bernstein, Philip A},
	Date-Added = {2020-04-19 20:24:50 +0200},
	Date-Modified = {2020-04-19 20:24:50 +0200},
	Journal = {the VLDB Journal},
	Number = {4},
	Pages = {334--350},
	Publisher = {Springer},
	Title = {A survey of approaches to automatic schema matching},
	Volume = {10},
	Year = {2001}}

@incollection{vanderaa2015fragmentation,
	Author = {van der Aa, Han and Leopold, Henrik and Mannhardt, Felix and Reijers, Hajo A},
	Booktitle = {Enterprise, Business-Process and Information Systems Modeling},
	Date-Added = {2020-04-19 20:24:50 +0200},
	Date-Modified = {2020-04-19 20:24:50 +0200},
	Pages = {3--18},
	Publisher = {Springer},
	Title = {On the Fragmentation of Process Information: Challenges, Solutions, and Outlook},
	Year = {2015}}

@article{davies2006practitioners,
	Author = {Davies, Islay and Green, Peter and Rosemann, Michael and Indulska, Marta and Gallo, Stan},
	Date-Added = {2020-04-19 20:24:50 +0200},
	Date-Modified = {2020-04-19 20:24:50 +0200},
	Journal = {Data \& Knowledge Engineering},
	Number = {3},
	Pages = {358--380},
	Publisher = {Elsevier},
	Title = {How do practitioners use conceptual modeling in practice?},
	Volume = {58},
	Year = {2006}}

@incollection{indulska2009business,
	Author = {Indulska, Marta and Green, Peter and Recker, Jan and Rosemann, Michael},
	Booktitle = {Conceptual Modeling - ER},
	Date-Added = {2020-04-19 20:24:50 +0200},
	Date-Modified = {2020-04-24 08:06:42 +0200},
	Pages = {458--471},
	Publisher = {Springer},
	Title = {Business process modeling: Perceived benefits},
	Year = {2009}}

@incollection{baier2013bridging,
	Author = {Baier, Thomas and Mendling, Jan},
	Booktitle = {International Conference on Business Process Management},
	Date-Added = {2020-04-19 20:24:50 +0200},
	Date-Modified = {2020-04-24 07:58:52 +0200},
	Pages = {17--32},
	Publisher = {Springer},
	Title = {Bridging abstraction layers in process mining by automated matching of events and activities},
	Year = {2013}}

@article{mendling2010activity,
	Author = {Mendling, Jan and Reijers, Hajo A and Recker, Jan},
	Date-Added = {2020-04-19 20:24:50 +0200},
	Date-Modified = {2020-04-19 20:24:50 +0200},
	Journal = {Information Systems},
	Number = {4},
	Pages = {467--482},
	Publisher = {Elsevier},
	Title = {Activity labeling in process modeling: Empirical insights and recommendations},
	Volume = {35},
	Year = {2010}}

@article{richardson2006markov,
	Author = {Richardson, Matthew and Domingos, Pedro},
	Date-Added = {2020-04-19 20:24:50 +0200},
	Date-Modified = {2020-04-19 20:24:50 +0200},
	Journal = {Machine learning},
	Number = {1-2},
	Pages = {107--136},
	Publisher = {Springer},
	Title = {Markov logic networks},
	Volume = {62},
	Year = {2006}}

@article{mendling2012factors,
	Author = {Mendling, Jan and Strembeck, Mark and Recker, Jan},
	Date-Added = {2020-04-19 20:24:50 +0200},
	Date-Modified = {2020-04-19 20:24:50 +0200},
	Journal = {Decision Support Systems},
	Number = {1},
	Pages = {195--206},
	Publisher = {Elsevier},
	Title = {Factors of process model comprehension---findings from a series of experiments},
	Volume = {53},
	Year = {2012}}

@article{marshall2006matching,
	Author = {Marshall, Byron and Chen, Hsinchun and Madhusudan, Therani},
	Date-Added = {2020-04-19 20:24:50 +0200},
	Date-Modified = {2020-04-19 20:24:50 +0200},
	Journal = {Decision Support Systems},
	Number = {3},
	Pages = {1290--1306},
	Publisher = {Elsevier},
	Title = {Matching knowledge elements in concept maps using a similarity flooding algorithm},
	Volume = {42},
	Year = {2006}}

@article{weidlich2012propagating,
	Author = {Weidlich, Matthias and Mendling, Jan and Weske, Mathias},
	Date-Added = {2020-04-19 20:24:50 +0200},
	Date-Modified = {2020-04-19 20:24:50 +0200},
	Journal = {Journal of Systems and Software},
	Number = {8},
	Pages = {1885--1898},
	Publisher = {Elsevier},
	Title = {Propagating changes between aligned process models},
	Volume = {85},
	Year = {2012}}

@article{dreiling2008conceptual,
	Author = {Dreiling, Alexander and Rosemann, Michael and van der Aalst, Wil MP and Sadiq, Wasim},
	Date-Added = {2020-04-19 20:24:50 +0200},
	Date-Modified = {2020-04-19 20:24:50 +0200},
	Journal = {Decision Support Systems},
	Number = {2},
	Pages = {189--207},
	Publisher = {Elsevier},
	Title = {From conceptual process models to running systems: A holistic approach for the configuration of enterprise system processes},
	Volume = {45},
	Year = {2008}}

@book{erl2005service,
	Author = {Erl, Thomas},
	Date-Added = {2020-04-19 20:24:50 +0200},
	Date-Modified = {2020-04-19 20:24:50 +0200},
	Publisher = {Pearson Education India},
	Title = {Service-oriented architecture: concepts, technology, and design},
	Year = {2005}}

@article{liu2004business,
	Author = {Liu, Duen-Ren and Shen, Minxin},
	Date-Added = {2020-04-19 20:24:50 +0200},
	Date-Modified = {2020-04-19 20:24:50 +0200},
	Journal = {Decision Support Systems},
	Number = {3},
	Pages = {399--419},
	Publisher = {Elsevier},
	Title = {Business-to-business workflow interoperation based on process-views},
	Volume = {38},
	Year = {2004}}

@incollection{vanderaa2015detecting,
	Author = {van der Aa, Han and Leopold, Henrik and Reijers, Hajo A},
	Booktitle = {International Conference on Business Process Management},
	Date-Added = {2020-04-19 20:24:50 +0200},
	Date-Modified = {2020-04-24 07:58:45 +0200},
	Pages = {90--105},
	Publisher = {Springer},
	Title = {Detecting Inconsistencies Between Process Models and Textual Descriptions},
	Year = {2015}}

@article{delrio2013definition,
	Author = {del-R{\'\i}o-Ortega, Adela and Resinas, Manuel and Cabanillas, Cristina and Ruiz-Cort{\'e}s,, Antonio},
	Date-Added = {2020-04-19 20:24:50 +0200},
	Date-Modified = {2020-04-19 20:24:50 +0200},
	Journal = {Information Systems},
	Number = {4},
	Pages = {470--490},
	Publisher = {Elsevier},
	Title = {On the definition and design-time analysis of process performance indicators},
	Volume = {38},
	Year = {2013}}

@article{kolb2008disco,
	Author = {Kolb, Peter},
	Date-Added = {2020-04-19 20:24:50 +0200},
	Date-Modified = {2020-04-19 20:24:50 +0200},
	Journal = {Proceedings of KONVENS-2008, Berlin},
	Title = {{Disco}: A multilingual database of distributionally similar words},
	Year = {2008}}

@article{hall2009weka,
	Author = {Hall, Mark and Frank, Eibe and Holmes, Geoffrey and Pfahringer, Bernhard and Reutemann, Peter and Witten, Ian H},
	Date-Added = {2020-04-19 20:24:50 +0200},
	Date-Modified = {2020-04-19 20:24:50 +0200},
	Journal = {ACM SIGKDD},
	Number = {1},
	Pages = {10--18},
	Publisher = {ACM},
	Title = {The WEKA data mining software: an update},
	Volume = {11},
	Year = {2009}}

@article{achour1999guiding,
	Author = {Achour, Camille Ben},
	Date-Added = {2020-04-19 20:24:50 +0200},
	Date-Modified = {2020-04-19 20:24:50 +0200},
	Journal = {Information Modelling and Knowledge Bases X},
	Pages = {152},
	Publisher = {IOS Press},
	Title = {Guiding Scenario Authoring},
	Volume = {51},
	Year = {1999}}

@article{salton1986introduction,
	Author = {Salton, Gerard and McGill, Michael J},
	Date-Added = {2020-04-19 20:24:50 +0200},
	Date-Modified = {2020-04-19 20:24:50 +0200},
	Publisher = {McGraw-Hill, Inc.},
	Title = {Introduction to modern information retrieval},
	Year = {1986}}

@inproceedings{cai2004nls,
	Author = {Cai, Zhiqiang and McNamara, Danielle S and Louwerse, Max and Hu, Xiangen and Rowe, Mike and Graesser, Arthur C},
	Booktitle = {Annual Meeting of the Cognitive Science Society},
	Date-Added = {2020-04-19 20:24:50 +0200},
	Date-Modified = {2020-04-24 08:06:29 +0200},
	Pages = {180--185},
	Title = {NLS: A non-latent similarity algorithm},
	Year = {2004}}

@inproceedings{delrio2015modelling,
	Author = {del--R{\'\i}o--Ortega, Adela and Guti{\'e}rrez, Antonio Manuel and Dur{\'a}n, Amador and Resinas, Manuel and Ruiz--Cort{\'e}s, Antonio},
	Booktitle = {International Conference on Advanced Information Systems Engineering},
	Date-Added = {2020-04-19 20:24:50 +0200},
	Date-Modified = {2020-04-24 07:57:15 +0200},
	Organization = {Springer},
	Pages = {485--500},
	Title = {Modelling Service Level Agreements for Business Process Outsourcing Services},
	Year = {2015}}

@book{quinlan2014c4,
	Author = {Quinlan, J Ross},
	Date-Added = {2020-04-19 20:24:50 +0200},
	Date-Modified = {2020-04-19 20:24:50 +0200},
	Publisher = {Elsevier},
	Title = {C4. 5: programs for machine learning},
	Year = {2014}}

@article{gal2011uncertain,
	Author = {Gal, Avigdor},
	Date-Added = {2020-04-19 20:24:50 +0200},
	Date-Modified = {2020-04-19 20:24:50 +0200},
	Journal = {Synthesis Lectures on Data Management},
	Number = {1},
	Pages = {1--97},
	Publisher = {Morgan \& Claypool Publishers},
	Title = {Uncertain schema matching},
	Volume = {3},
	Year = {2011}}

@article{luftman1999enablers,
	Author = {Luftman, Jerry and Papp, Raymond and Brier, Tom},
	Date-Added = {2020-04-19 20:24:50 +0200},
	Date-Modified = {2020-04-19 20:24:50 +0200},
	Journal = {Communications of the AIS},
	Number = {3es},
	Pages = {1},
	Publisher = {Association for Information Systems},
	Title = {Enablers and inhibitors of business-IT alignment},
	Volume = {1},
	Year = {1999}}

@incollection{delrio2013ppinot,
	Author = {del-R{\'\i}o-Ortega, Adela and Cabanillas, Cristina and Resinas, Manuel and Ruiz-Cort{\'e}s, Antonio},
	Booktitle = {Service-Oriented Computing},
	Date-Added = {2020-04-19 20:24:50 +0200},
	Date-Modified = {2020-04-19 20:24:50 +0200},
	Pages = {675--678},
	Publisher = {Springer},
	Title = {PPINOT Tool suite: a performance management solution for process-oriented organisations},
	Year = {2013}}

@article{kovacic2004business,
	Author = {Kovacic, Andrej},
	Date-Added = {2020-04-19 20:24:50 +0200},
	Date-Modified = {2020-04-19 20:24:50 +0200},
	Journal = {Business process management journal},
	Number = {2},
	Pages = {158--170},
	Publisher = {Emerald Group Publishing Limited},
	Title = {Business renovation: business rules (still) the missing link},
	Volume = {10},
	Year = {2004}}

@incollection{kronz2006managing,
	Author = {Kronz, Andreas},
	Booktitle = {Corporate performance management},
	Date-Added = {2020-04-19 20:24:50 +0200},
	Date-Modified = {2020-04-19 20:24:50 +0200},
	Pages = {31--44},
	Publisher = {Springer},
	Title = {Managing of process key performance indicators as part of the aris methodology},
	Year = {2006}}

@inproceedings{wetzstein2008towards,
	Author = {Wetzstein, Branimir and Ma, Zhilei and Leymann, Frank},
	Booktitle = {International Conference on Business Information Systems},
	Date-Added = {2020-04-19 20:24:50 +0200},
	Date-Modified = {2020-04-24 07:59:55 +0200},
	Organization = {Springer},
	Pages = {227--238},
	Title = {Towards measuring key performance indicators of semantic business processes},
	Year = {2008}}

@inproceedings{pries2008strategies,
	Author = {Pries-Heje, Jan and Baskerville, Richard and Venable, John R},
	Booktitle = {European Conference on Information Systems},
	Date-Added = {2020-04-19 20:17:34 +0200},
	Date-Modified = {2020-04-24 08:04:25 +0200},
	Pages = {255--266},
	Title = {Strategies for Design Science Research Evaluation.},
	Year = {2008}}

@article{peffers2007design,
	Author = {Peffers, Ken and Tuunanen, Tuure and Rothenberger, Marcus A and Chatterjee, Samir},
	Date-Added = {2020-04-19 20:16:20 +0200},
	Date-Modified = {2020-04-19 20:16:20 +0200},
	Journal = {Journal of management information systems},
	Number = {3},
	Pages = {45--77},
	Publisher = {Taylor \& Francis},
	Title = {A design science research methodology for information systems research},
	Volume = {24},
	Year = {2007}}

@inproceedings{wieringa2009design,
	Author = {Wieringa, Roel},
	Booktitle = {International conference on design science research in information systems and technology},
	Date-Added = {2020-04-19 11:23:25 +0200},
	Date-Modified = {2020-04-24 08:22:35 +0200},
	Pages = {1--12},
	Title = {Design science as nested problem solving},
	Year = {2009}}

@article{hevner2004design,
	Author = {Hevner, Alan R and March, Salvatore T and Park, Jinsoo and Ram, Sudha},
	Date-Added = {2020-04-19 11:21:40 +0200},
	Date-Modified = {2020-04-19 11:21:40 +0200},
	Journal = {MIS quarterly},
	Pages = {75--105},
	Publisher = {JSTOR},
	Title = {Design science in information systems research},
	Year = {2004}}

@incollection{sanders2009algorithm,
	Author = {Sanders, Peter},
	Booktitle = {Efficient algorithms},
	Date-Added = {2020-04-19 11:20:57 +0200},
	Date-Modified = {2020-04-19 11:20:57 +0200},
	Pages = {321--340},
	Publisher = {Springer},
	Title = {Algorithm engineering--an attempt at a definition},
	Year = {2009}}

@article{ullman2015experiments,
	Author = {Ullman, Jeffrey D},
	Date-Added = {2020-04-19 11:12:07 +0200},
	Date-Modified = {2020-04-19 11:12:07 +0200},
	Journal = {Communications of the ACM},
	Number = {9},
	Pages = {37--39},
	Publisher = {ACM New York, NY, USA},
	Title = {Experiments as research validation: Have we gone too far?},
	Volume = {58},
	Year = {2015}}

@article{aysolmaz2018semi,
	Author = {Aysolmaz, Banu and Leopold, Henrik and Reijers, Hajo A and Demir{\"o}rs, Onur},
	Date-Added = {2020-04-17 21:14:37 +0200},
	Date-Modified = {2020-04-17 21:14:37 +0200},
	Journal = {Information and Software Technology},
	Pages = {14--29},
	Publisher = {Elsevier},
	Title = {A semi-automated approach for generating natural language requirements documents based on business process models},
	Volume = {93},
	Year = {2018}}

@inproceedings{van2017instance,
	Author = {van der Aa, Han and Gal, Avigdor and Leopold, Henrik and Reijers, Hajo A and Sagi, Tomer and Shraga, Roee},
	Booktitle = {International Conference on Advanced Information Systems Engineering},
	Date-Added = {2020-04-17 15:35:40 +0200},
	Date-Modified = {2020-04-17 15:35:40 +0200},
	Organization = {Springer},
	Pages = {283--297},
	Title = {Instance-based process matching using event-log information},
	Year = {2017}}

@inproceedings{leopold2015towards,
	Author = {Leopold, Henrik and Meilicke, Christian and Fellmann, Michael and Pittke, Fabian and Stuckenschmidt, Heiner and Mendling, Jan},
	Booktitle = {International Conference on Advanced Information Systems Engineering},
	Date-Added = {2020-04-17 15:30:51 +0200},
	Date-Modified = {2020-04-17 15:30:51 +0200},
	Organization = {Springer},
	Pages = {401--416},
	Title = {Towards the automated annotation of process models},
	Year = {2015}}

@incollection{klinkmuller2013increasing,
	Author = {Klinkm{\"u}ller, Christopher and Weber, Ingo and Mendling, Jan and Leopold, Henrik and Ludwig, Andr{\'e}},
	Booktitle = {International Conference on Business Process Management},
	Date-Added = {2020-04-17 15:16:53 +0200},
	Date-Modified = {2020-04-24 07:58:58 +0200},
	Pages = {211--218},
	Publisher = {Springer},
	Title = {Increasing recall of process model matching by improved activity label matching},
	Year = {2013}}

@inproceedings{SFParser,
	Author = {Klein, D. and Manning, C. D.},
	Booktitle = {Meeting of the Association for Computational Linguistics},
	Date-Added = {2020-04-17 14:51:27 +0200},
	Date-Modified = {2020-04-24 08:25:27 +0200},
	Pages = {423--430},
	Title = {{Accurate Unlexicalized Parsing}},
	Year = {2003}}

@article{leopold2012refactoring,
	Author = {Leopold, Henrik and Smirnov, Sergey and Mendling, Jan},
	Date-Added = {2020-04-17 08:15:05 +0200},
	Date-Modified = {2020-04-17 08:15:05 +0200},
	Journal = {Information Systems},
	Number = {5},
	Pages = {443--459},
	Publisher = {Elsevier},
	Title = {On the refactoring of activity labels in business process models},
	Volume = {37},
	Year = {2012}}

@article{leopold2014simplifying,
	Author = {Leopold, Henrik and Mendling, Jan and Reijers, Hajo A and La Rosa, Marcello},
	Date-Added = {2020-04-17 08:13:11 +0200},
	Date-Modified = {2020-04-17 08:13:11 +0200},
	Journal = {Information Systems},
	Pages = {134--151},
	Publisher = {Elsevier},
	Title = {Simplifying process model abstraction: Techniques for generating model names},
	Volume = {39},
	Year = {2014}}

@article{leopold2017ensuring,
	Author = {Leopold, Henrik and Pittke, Fabian and Mendling, Jan},
	Date-Added = {2020-04-17 08:12:14 +0200},
	Date-Modified = {2020-04-17 08:12:14 +0200},
	Journal = {Data \& Knowledge Engineering},
	Pages = {22--38},
	Publisher = {Elsevier},
	Title = {Ensuring the canonicity of process models},
	Volume = {111},
	Year = {2017}}

@article{van2019efficient,
	Author = {van der Aa, Han and Leopold, Henrik and Reijers, Hajo},
	Date-Added = {2020-04-17 08:09:23 +0200},
	Date-Modified = {2020-05-04 09:08:19 +0200},
	Journal = {IEEE Transactions on Knowledge and Data Engineering},
	Number = {5},
	Pages = {927 - 940},
	Publisher = {IEEE},
	Title = {Efficient process conformance checking on the basis of uncertain event-to-activity mappings},
	Volume = {32},
	Year = {2020}}

@article{mendling201525,
	Author = {Mendling, Jan and Leopold, Henrik and Pittke, Fabian},
	Date-Added = {2020-04-17 08:04:38 +0200},
	Date-Modified = {2020-04-17 08:04:45 +0200},
	Journal = {International Journal of Information Systems and Software Engineering for Big Companies},
	Number = {1},
	Pages = {78--94},
	Title = {25 challenges of semantic process modeling},
	Volume = {1},
	Year = {2015}}

@article{meilicke2017overcoming,
	Author = {Meilicke, Christian and Leopold, Henrik and Kuss, Elena and Stuckenschmidt, Heiner and Reijers, Hajo A},
	Date-Added = {2020-04-17 07:58:46 +0200},
	Date-Modified = {2020-04-17 07:58:46 +0200},
	Journal = {Decision Support Systems},
	Pages = {15--26},
	Publisher = {Elsevier},
	Title = {Overcoming individual process model matcher weaknesses using ensemble matching},
	Volume = {100},
	Year = {2017}}

@article{van2017transforming,
	Author = {van der Aa, Han and Leopold, Henrik and del-Rio-Ortega, Adela and Resinas, Manuel and Reijers, Hajo A},
	Date-Added = {2020-04-17 07:56:03 +0200},
	Date-Modified = {2020-06-26 09:21:20 +0200},
	Journal = {Information Systems},
	Pages = {27--39},
	Publisher = {Elsevier},
	Title = {Transforming unstructured natural language descriptions into measurable process performance indicators using hidden markov models},
	Volume = {71},
	Year = {2017}}

@article{mendling2018blockchains,
	Author = {Mendling, Jan and Weber, Ingo and Aalst, Wil Van Der and Brocke, Jan Vom and Cabanillas, Cristina and Daniel, Florian and Debois, S{\o}ren and Ciccio, Claudio Di and Dumas, Marlon and Dustdar, Schahram and others},
	Date-Added = {2020-04-16 22:24:53 +0200},
	Date-Modified = {2020-04-16 22:25:29 +0200},
	Journal = {ACM Transactions on Management Information Systems},
	Number = {1},
	Pages = {1--16},
	Publisher = {ACM New York, NY, USA},
	Title = {Blockchains for business process management-challenges and opportunities},
	Volume = {9},
	Year = {2018}}

@article{kuss2018probabilistic,
	Author = {Kuss, Elena and Leopold, Henrik and van der Aa, Han and Stuckenschmidt, Heiner and Reijers, Hajo A},
	Date-Added = {2020-04-16 22:21:25 +0200},
	Date-Modified = {2020-04-16 22:21:25 +0200},
	Journal = {Data \& Knowledge Engineering},
	Pages = {393--406},
	Publisher = {Elsevier},
	Title = {A probabilistic evaluation procedure for process model matching techniques},
	Volume = {117},
	Year = {2018}}

@article{leopold2019searching,
	Author = {Leopold, Henrik and van der Aa, Han and Pittke, Fabian and Raffel, Manuel and Mendling, Jan and Reijers, Hajo A},
	Date-Added = {2020-04-16 22:19:50 +0200},
	Date-Modified = {2020-04-16 22:19:50 +0200},
	Journal = {Software \& Systems Modeling},
	Number = {2},
	Pages = {1179--1194},
	Publisher = {Springer},
	Title = {Searching textual and model-based process descriptions based on a unified data format},
	Volume = {18},
	Year = {2019}}

@article{leopold2019using,
	Author = {Leopold, Henrik and van der Aa, Han and Offenberg, Jelmer and Reijers, Hajo A},
	Date-Added = {2020-04-16 22:17:57 +0200},
	Date-Modified = {2020-04-16 22:17:57 +0200},
	Journal = {Information Systems},
	Pages = {30--39},
	Publisher = {Elsevier},
	Title = {Using Hidden Markov Models for the accurate linguistic analysis of process model activity labels},
	Volume = {83},
	Year = {2019}}

@article{mendling2019empirical,
	Author = {Mendling, Jan and Recker, Jan and Reijers, Hajo A and Leopold, Henrik},
	Date-Added = {2020-04-16 22:16:35 +0200},
	Date-Modified = {2020-04-16 22:16:35 +0200},
	Journal = {Information Systems Frontiers},
	Number = {5},
	Pages = {1111--1135},
	Publisher = {Springer},
	Title = {An empirical review of the connection between model viewer characteristics and the comprehension of conceptual process models},
	Volume = {21},
	Year = {2019}}

@article{vanderaa2018checking,
	Author = {van der Aa, Han and Leopold, Henrik and Reijers, Hajo A},
	Date-Added = {2019-03-05 10:51:06 +0100},
	Date-Modified = {2020-05-04 09:02:36 +0200},
	Journal = {Information Systems},
	Pages = {83--95},
	Publisher = {Elsevier},
	Title = {Checking process compliance against natural language specifications using behavioral spaces},
	Volume = {78},
	Year = {2018}}

@article{vanderaa2016comparing,
	Author = {van der Aa, Han and Leopold, Henrik and Reijers, Hajo A},
	Date-Modified = {2020-04-16 22:11:19 +0200},
	Journal = {Information Systems},
	Publisher = {Pergamon},
	Title = {Comparing textual descriptions to process models - The automatic detection of inconsistencies},
	Year = {2016}}

@article{leopold2015_jss,
	Author = {Leopold, Henrik and Pittke, Fabian and Mendling, Jan},
	Date-Added = {2016-03-01 16:23:31 +0000},
	Date-Modified = {2020-04-16 21:50:11 +0200},
	Journal = {Journal of Systems and Software},
	Pages = {134--147},
	Publisher = {Elsevier},
	Title = {Automatic service derivation from business process model repositories via semantic technology},
	Volume = {108},
	Year = {2015}}

@book{leopold2013natural,
	Author = {Leopold, Henrik},
	Date-Added = {2014-10-28 17:08:09 +0000},
	Date-Modified = {2014-10-28 17:08:09 +0000},
	Publisher = {Springer},
	Title = {Natural language in business process models},
	Year = {2013}}
