%% This BibTeX bibliography file was created using BibDesk.
%% https://bibdesk.sourceforge.io/

%% Created for Han van der Aa at 2021-04-12 20:46:00 +0200 


%% Saved with string encoding Unicode (UTF-8) 



@article{DBLP:journals/corr/abs-2103-11761,
	archiveprefix = {arXiv},
	author = {Adrian Rebmann and Han van der Aa},
	bibsource = {dblp computer science bibliography, https://dblp.org},
	biburl = {https://dblp.org/rec/journals/corr/abs-2103-11761.bib},
	eprint = {2103.11761},
	journal = {CoRR},
	timestamp = {Wed, 24 Mar 2021 00:00:00 +0100},
	title = {Extracting Semantic Process Information from the Natural Language in Event Logs},
	url = {https://arxiv.org/abs/2103.11761},
	volume = {abs/2103.11761},
	year = {2021},
	Bdsk-Url-1 = {https://arxiv.org/abs/2103.11761}}

@article{DBLP:journals/dss/AaLW20,
	author = {Han van der Aa and Henrik Leopold and Matthias Weidlich},
	bibsource = {dblp computer science bibliography, https://dblp.org},
	biburl = {https://dblp.org/rec/journals/dss/AaLW20.bib},
	doi = {10.1016/j.dss.2020.113347},
	journal = {Decis. Support Syst.},
	pages = {113347},
	timestamp = {Fri, 09 Apr 2021 01:00:00 +0200},
	title = {Partial order resolution of event logs for process conformance checking},
	url = {https://doi.org/10.1016/j.dss.2020.113347},
	volume = {136},
	year = {2020},
	Bdsk-Url-1 = {https://doi.org/10.1016/j.dss.2020.113347}}

@article{DBLP:journals/emisa/0006AW20,
	author = {Martin Bauer and Han van der Aa and Matthias Weidlich},
	bibsource = {dblp computer science bibliography, https://dblp.org},
	biburl = {https://dblp.org/rec/journals/emisa/0006AW20.bib},
	journal = {{EMISA} Forum},
	number = {1},
	pages = {17--18},
	timestamp = {Wed, 10 Feb 2021 00:00:00 +0100},
	title = {Estimating Process Conformance by Trace Sampling and Result Approximation},
	volume = {40},
	year = {2020}}

@article{DBLP:journals/tdasci/BusanyASGW20,
	author = {Nimrod Busany and Han van der Aa and Arik Senderovich and Avigdor Gal and Matthias Weidlich},
	bibsource = {dblp computer science bibliography, https://dblp.org},
	biburl = {https://dblp.org/rec/journals/tdasci/BusanyASGW20.bib},
	doi = {10.1145/3385191},
	journal = {Trans. Data Sci.},
	number = {4},
	pages = {27:1--27:27},
	timestamp = {Fri, 09 Apr 2021 01:00:00 +0200},
	title = {Interval-based Queries over Lossy IoT Event Streams},
	url = {https://doi.org/10.1145/3385191},
	volume = {1},
	year = {2020},
	Bdsk-Url-1 = {https://doi.org/10.1145/3385191}}

@article{DBLP:journals/tkde/AaLR20,
	author = {Han van der Aa and Henrik Leopold and Hajo A. Reijers},
	bibsource = {dblp computer science bibliography, https://dblp.org},
	biburl = {https://dblp.org/rec/journals/tkde/AaLR20.bib},
	doi = {10.1109/TKDE.2019.2897557},
	journal = {{IEEE} Trans. Knowl. Data Eng.},
	number = {5},
	pages = {927--940},
	timestamp = {Fri, 22 May 2020 01:00:00 +0200},
	title = {Efficient Process Conformance Checking on the Basis of Uncertain Event-to-Activity Mappings},
	url = {https://doi.org/10.1109/TKDE.2019.2897557},
	volume = {32},
	year = {2020},
	Bdsk-Url-1 = {https://doi.org/10.1109/TKDE.2019.2897557}}

@inproceedings{DBLP:conf/bpm/AaBMN20,
	author = {Han van der Aa and Karl Johannes Balder and Fabrizio Maria Maggi and Alexander Nolte},
	bibsource = {dblp computer science bibliography, https://dblp.org},
	biburl = {https://dblp.org/rec/conf/bpm/AaBMN20.bib},
	booktitle = {Business Process Management Forum - {BPM} Forum 2020, Seville, Spain, September 13-18, 2020, Proceedings},
	doi = {10.1007/978-3-030-58638-6\_4},
	editor = {Dirk Fahland and Chiara Ghidini and J{\"{o}}rg Becker and Marlon Dumas},
	pages = {51--67},
	publisher = {Springer},
	series = {Lecture Notes in Business Information Processing},
	timestamp = {Fri, 09 Apr 2021 01:00:00 +0200},
	title = {Say It in Your Own Words: Defining Declarative Process Models Using Speech Recognition},
	url = {https://doi.org/10.1007/978-3-030-58638-6\_4},
	volume = {392},
	year = {2020},
	Bdsk-Url-1 = {https://doi.org/10.1007/978-3-030-58638-6%5C_4}}

@inproceedings{DBLP:conf/bpm/Fahrenkrog-Petersen20,
	author = {Stephan A. Fahrenkrog{-}Petersen and Han van der Aa and Matthias Weidlich},
	bibsource = {dblp computer science bibliography, https://dblp.org},
	biburl = {https://dblp.org/rec/conf/bpm/Fahrenkrog-Petersen20.bib},
	booktitle = {Business Process Management - 18th International Conference, {BPM} 2020, Seville, Spain, September 13-18, 2020, Proceedings},
	doi = {10.1007/978-3-030-58666-9\_7},
	editor = {Dirk Fahland and Chiara Ghidini and J{\"{o}}rg Becker and Marlon Dumas},
	pages = {111--128},
	publisher = {Springer},
	series = {Lecture Notes in Computer Science},
	timestamp = {Fri, 09 Apr 2021 01:00:00 +0200},
	title = {{PRIPEL:} Privacy-Preserving Event Log Publishing Including Contextual Information},
	url = {https://doi.org/10.1007/978-3-030-58666-9\_7},
	volume = {12168},
	year = {2020},
	Bdsk-Url-1 = {https://doi.org/10.1007/978-3-030-58666-9%5C_7}}

@inproceedings{DBLP:conf/bpm/AlmanBWMA20,
	author = {Anti Alman and Karl Johannes Balder and Fabrizio Maria Maggi and Han van der Aa},
	bibsource = {dblp computer science bibliography, https://dblp.org},
	biburl = {https://dblp.org/rec/conf/bpm/AlmanBWMA20.bib},
	booktitle = {Proceedings of the Best Dissertation Award, Doctoral Consortium, and Demonstration {\&} Resources Track at {BPM} 2020 co-located with the 18th International Conference on Business Process Management {(BPM} 2020), Sevilla, Spain, September 13-18, 2020},
	editor = {Wil M. P. van der Aalst and Jan vom Brocke and Marco Comuzzi and Claudio Di Ciccio and F{\'{e}}lix Garc{\'{\i}}a and Akhil Kumar and Jan Mendling and Brian T. Pentland and Luise Pufahl and Manfred Reichert and Mathias Weske},
	pages = {122--126},
	publisher = {CEUR-WS.org},
	series = {{CEUR} Workshop Proceedings},
	timestamp = {Mon, 30 Nov 2020 00:00:00 +0100},
	title = {Declo: {A} Chatbot for User-friendly Specification of Declarative Process Models},
	url = {http://ceur-ws.org/Vol-2673/paperDR12.pdf},
	volume = {2673},
	year = {2020},
	Bdsk-Url-1 = {http://ceur-ws.org/Vol-2673/paperDR12.pdf}}

@inproceedings{DBLP:conf/er/WinterARW20,
	author = {Karolin Winter and Han van der Aa and Stefanie Rinderle{-}Ma and Matthias Weidlich},
	bibsource = {dblp computer science bibliography, https://dblp.org},
	biburl = {https://dblp.org/rec/conf/er/WinterARW20.bib},
	booktitle = {Conceptual Modeling - 39th International Conference, {ER} 2020, Vienna, Austria, November 3-6, 2020, Proceedings},
	doi = {10.1007/978-3-030-62522-1\_14},
	editor = {Gillian Dobbie and Ulrich Frank and Gerti Kappel and Stephen W. Liddle and Heinrich C. Mayr},
	pages = {189--203},
	publisher = {Springer},
	series = {Lecture Notes in Computer Science},
	timestamp = {Fri, 09 Apr 2021 01:00:00 +0200},
	title = {Assessing the Compliance of Business Process Models with Regulatory Documents},
	url = {https://doi.org/10.1007/978-3-030-62522-1\_14},
	volume = {12400},
	year = {2020},
	Bdsk-Url-1 = {https://doi.org/10.1007/978-3-030-62522-1%5C_14}}

@article{DBLP:journals/corr/abs-2006-12856,
	archiveprefix = {arXiv},
	author = {Stephan A. Fahrenkrog{-}Petersen and Han van der Aa and Matthias Weidlich},
	bibsource = {dblp computer science bibliography, https://dblp.org},
	biburl = {https://dblp.org/rec/journals/corr/abs-2006-12856.bib},
	eprint = {2006.12856},
	journal = {CoRR},
	timestamp = {Wed, 01 Jul 2020 01:00:00 +0200},
	title = {{PRIPEL:} Privacy-Preserving Event Log Publishing Including Contextual Information},
	url = {https://arxiv.org/abs/2006.12856},
	volume = {abs/2006.12856},
	year = {2020},
	Bdsk-Url-1 = {https://arxiv.org/abs/2006.12856}}

@article{DBLP:journals/corr/abs-2007-02416,
	archiveprefix = {arXiv},
	author = {Han van der Aa and Henrik Leopold and Matthias Weidlich},
	bibsource = {dblp computer science bibliography, https://dblp.org},
	biburl = {https://dblp.org/rec/journals/corr/abs-2007-02416.bib},
	eprint = {2007.02416},
	journal = {CoRR},
	timestamp = {Fri, 17 Jul 2020 01:00:00 +0200},
	title = {Partial Order Resolution of Event Logs for Process Conformance Checking},
	url = {https://arxiv.org/abs/2007.02416},
	volume = {abs/2007.02416},
	year = {2020},
	Bdsk-Url-1 = {https://arxiv.org/abs/2007.02416}}

@article{DBLP:journals/insk/Fahrenkrog-Petersen19,
	author = {Stephan A. Fahrenkrog{-}Petersen and Han van der Aa and Matthias Weidlich},
	bibsource = {dblp computer science bibliography, https://dblp.org},
	biburl = {https://dblp.org/rec/journals/insk/Fahrenkrog-Petersen19.bib},
	doi = {10.1007/s00287-019-01203-z},
	journal = {Inform. Spektrum},
	number = {5},
	pages = {352--353},
	timestamp = {Thu, 13 Aug 2020 01:00:00 +0200},
	title = {{PRETSA:} Event Log Sanitization for Privacy-aware Process Discovery - (Extended Abstract)},
	url = {https://doi.org/10.1007/s00287-019-01203-z},
	volume = {42},
	year = {2019},
	Bdsk-Url-1 = {https://doi.org/10.1007/s00287-019-01203-z}}

@article{DBLP:journals/is/LeopoldAOR19,
	author = {Henrik Leopold and Han van der Aa and Jelmer Offenberg and Hajo A. Reijers},
	bibsource = {dblp computer science bibliography, https://dblp.org},
	biburl = {https://dblp.org/rec/journals/is/LeopoldAOR19.bib},
	doi = {10.1016/j.is.2019.02.005},
	journal = {Inf. Syst.},
	pages = {30--39},
	timestamp = {Fri, 09 Apr 2021 01:00:00 +0200},
	title = {Using Hidden Markov Models for the accurate linguistic analysis of process model activity labels},
	url = {https://doi.org/10.1016/j.is.2019.02.005},
	volume = {83},
	year = {2019},
	Bdsk-Url-1 = {https://doi.org/10.1016/j.is.2019.02.005}}

@article{DBLP:journals/sosym/LeopoldAPRMR19,
	author = {Henrik Leopold and Han van der Aa and Fabian Pittke and Manuel Raffel and Jan Mendling and Hajo A. Reijers},
	bibsource = {dblp computer science bibliography, https://dblp.org},
	biburl = {https://dblp.org/rec/journals/sosym/LeopoldAPRMR19.bib},
	doi = {10.1007/s10270-017-0649-y},
	journal = {Softw. Syst. Model.},
	number = {2},
	pages = {1179--1194},
	timestamp = {Fri, 09 Apr 2021 01:00:00 +0200},
	title = {Searching textual and model-based process descriptions based on a unified data format},
	url = {https://doi.org/10.1007/s10270-017-0649-y},
	volume = {18},
	year = {2019},
	Bdsk-Url-1 = {https://doi.org/10.1007/s10270-017-0649-y}}

@inproceedings{bpmdemo2019elpaas,
	author = {Martin Bauer and Stephan A. Fahrenkrog{-}Petersen and Agnes Koschmider and Felix Mannhardt and Han van der Aa and Matthias Weidlich},
	bibsource = {dblp computer science bibliography, https://dblp.org},
	biburl = {https://dblp.org/rec/conf/bpm/0006FKMAW19.bib},
	booktitle = {Proceedings of the Dissertation Award, Doctoral Consortium, and Demonstration Track at {BPM} 2019 co-located with 17th International Conference on Business Process Management, {BPM} 2019, Vienna, Austria, September 1-6, 2019},
	date-modified = {2021-04-12 20:45:20 +0200},
	editor = {Beno{\^{\i}}t Depaire and Johannes De Smedt and Marlon Dumas and Dirk Fahland and Akhil Kumar and Henrik Leopold and Manfred Reichert and Stefanie Rinderle{-}Ma and Stefan Schulte and Stefan Seidel and Wil M. P. van der Aalst},
	pages = {159--163},
	publisher = {CEUR-WS.org},
	series = {{CEUR} Workshop Proceedings},
	timestamp = {Wed, 12 Feb 2020 16:44:57 +0100},
	title = {ELPaaS: Event Log Privacy as a Service},
	url = {http://ceur-ws.org/Vol-2420/paperDT9.pdf},
	volume = {2420},
	year = {2019},
	Bdsk-Url-1 = {http://ceur-ws.org/Vol-2420/paperDT9.pdf}}

@inproceedings{bpm2019estimating,
	author = {Martin Bauer and Han van der Aa and Matthias Weidlich},
	bibsource = {dblp computer science bibliography, https://dblp.org},
	biburl = {https://dblp.org/rec/conf/bpm/0006AW19.bib},
	booktitle = {Business Process Management - 17th International Conference, {BPM} 2019, Vienna, Austria, September 1-6, 2019, Proceedings},
	date-modified = {2021-04-12 20:45:15 +0200},
	doi = {10.1007/978-3-030-26619-6\_13},
	editor = {Thomas T. Hildebrandt and Boudewijn F. van Dongen and Maximilian R{\"{o}}glinger and Jan Mendling},
	pages = {179--197},
	publisher = {Springer},
	series = {Lecture Notes in Computer Science},
	timestamp = {Fri, 09 Apr 2021 01:00:00 +0200},
	title = {Estimating Process Conformance by Trace Sampling and Result Approximation},
	url = {https://doi.org/10.1007/978-3-030-26619-6\_13},
	volume = {11675},
	year = {2019},
	Bdsk-Url-1 = {https://doi.org/10.1007/978-3-030-26619-6%5C_13}}

@inproceedings{workshopon,
	author = {Han van der Aa},
	bibsource = {dblp computer science bibliography, https://dblp.org},
	biburl = {https://dblp.org/rec/conf/bpm/Aa19.bib},
	booktitle = {Business Process Management Workshops - {BPM} 2019 International Workshops, Vienna, Austria, September 1-6, 2019, Revised Selected Papers},
	date-modified = {2021-04-12 20:45:57 +0200},
	doi = {10.1007/978-3-030-37453-2\_50},
	editor = {Chiara Di Francescomarino and Remco M. Dijkman and Uwe Zdun},
	pages = {625--631},
	publisher = {Springer},
	series = {Lecture Notes in Business Information Processing},
	timestamp = {Tue, 07 Jan 2020 14:41:26 +0100},
	title = {Complex Event Processing for Event-Based Process Querying},
	url = {https://doi.org/10.1007/978-3-030-37453-2\_50},
	volume = {362},
	year = {2019},
	Bdsk-Url-1 = {https://doi.org/10.1007/978-3-030-37453-2%5C_50}}

@inproceedings{DBLP:conf/caise/AaCLR19,
	author = {Han van der Aa and Claudio Di Ciccio and Henrik Leopold and Hajo A. Reijers},
	bibsource = {dblp computer science bibliography, https://dblp.org},
	biburl = {https://dblp.org/rec/conf/caise/AaCLR19.bib},
	booktitle = {Advanced Information Systems Engineering - 31st International Conference, CAiSE 2019, Rome, Italy, June 3-7, 2019, Proceedings},
	doi = {10.1007/978-3-030-21290-2\_23},
	editor = {Paolo Giorgini and Barbara Weber},
	pages = {365--382},
	publisher = {Springer},
	series = {Lecture Notes in Computer Science},
	timestamp = {Fri, 09 Apr 2021 01:00:00 +0200},
	title = {Extracting Declarative Process Models from Natural Language},
	url = {https://doi.org/10.1007/978-3-030-21290-2\_23},
	volume = {11483},
	year = {2019},
	Bdsk-Url-1 = {https://doi.org/10.1007/978-3-030-21290-2%5C_23}}

@inproceedings{DBLP:conf/icpm/Fahrenkrog-Petersen19,
	author = {Stephan A. Fahrenkrog{-}Petersen and Han van der Aa and Matthias Weidlich},
	bibsource = {dblp computer science bibliography, https://dblp.org},
	biburl = {https://dblp.org/rec/conf/icpm/Fahrenkrog-Petersen19.bib},
	booktitle = {International Conference on Process Mining, {ICPM} 2019, Aachen, Germany, June 24-26, 2019},
	doi = {10.1109/ICPM.2019.00012},
	pages = {1--8},
	publisher = {{IEEE}},
	timestamp = {Fri, 09 Apr 2021 01:00:00 +0200},
	title = {{PRETSA:} Event Log Sanitization for Privacy-aware Process Discovery},
	url = {https://doi.org/10.1109/ICPM.2019.00012},
	year = {2019},
	Bdsk-Url-1 = {https://doi.org/10.1109/ICPM.2019.00012}}

@inproceedings{DBLP:conf/refsq/MendlingLTA19,
	author = {Jan Mendling and Henrik Leopold and Lucin{\'{e}}ia Heloisa Thom and Han van der Aa},
	bibsource = {dblp computer science bibliography, https://dblp.org},
	biburl = {https://dblp.org/rec/conf/refsq/MendlingLTA19.bib},
	booktitle = {Joint Proceedings of {REFSQ-2019} Workshops, Doctoral Symposium, Live Studies Track, and Poster Track co-located with the 25th International Conference on Requirements Engineering: Foundation for Software Quality {(REFSQ} 2019), Essen, Germany, March 18th, 2019},
	editor = {Paola Spoletini and Patrick M{\"{a}}der and Daniel M. Berry and Fabiano Dalpiaz and Maya Daneva and Alessio Ferrari and Xavier Franch and Sarah Gregory and Eduard C. Groen and Andrea Herrmann and Anne Hess and Frank Houdek and Oliver Karras and Anne Koziolek and Kim Lauenroth and Cristina Palomares and Mehrdad Sabetzadeh and Norbert Seyff and Marcus Trapp and Andreas Vogelsang and Thorsten Weyer},
	publisher = {CEUR-WS.org},
	series = {{CEUR} Workshop Proceedings},
	timestamp = {Fri, 17 Jul 2020 11:59:20 +0200},
	title = {Natural Language Processing with Process Models {(NLP4RE} Report Paper)},
	url = {http://ceur-ws.org/Vol-2376/NLP4RE19\_paper04.pdf},
	volume = {2376},
	year = {2019},
	Bdsk-Url-1 = {http://ceur-ws.org/Vol-2376/NLP4RE19%5C_paper04.pdf}}

@book{DBLP:series/lnbip/Aa18,
	author = {Han van der Aa},
	bibsource = {dblp computer science bibliography, https://dblp.org},
	biburl = {https://dblp.org/rec/series/lnbip/Aa18.bib},
	doi = {10.1007/978-3-319-94634-4},
	isbn = {978-3-319-94633-7},
	publisher = {Springer},
	series = {Lecture Notes in Business Information Processing},
	timestamp = {Fri, 09 Apr 2021 01:00:00 +0200},
	title = {Comparing and Aligning Process Representations - Foundations and Technical Solutions},
	url = {https://doi.org/10.1007/978-3-319-94634-4},
	volume = {323},
	year = {2018},
	Bdsk-Url-1 = {https://doi.org/10.1007/978-3-319-94634-4}}

@article{DBLP:journals/dke/KussLASR18,
	author = {Elena Kuss and Henrik Leopold and Han van der Aa and Heiner Stuckenschmidt and Hajo A. Reijers},
	bibsource = {dblp computer science bibliography, https://dblp.org},
	biburl = {https://dblp.org/rec/journals/dke/KussLASR18.bib},
	doi = {10.1016/j.datak.2018.04.008},
	journal = {Data Knowl. Eng.},
	pages = {393--406},
	timestamp = {Fri, 09 Apr 2021 01:00:00 +0200},
	title = {A probabilistic evaluation procedure for process model matching techniques},
	url = {https://doi.org/10.1016/j.datak.2018.04.008},
	volume = {117},
	year = {2018},
	Bdsk-Url-1 = {https://doi.org/10.1016/j.datak.2018.04.008}}

@article{DBLP:journals/dke/Sanchez-Ferreres18,
	author = {Josep S{\`{a}}nchez{-}Ferreres and Han van der Aa and Josep Carmona and Llu{\'{\i}}s Padr{\'{o}}},
	bibsource = {dblp computer science bibliography, https://dblp.org},
	biburl = {https://dblp.org/rec/journals/dke/Sanchez-Ferreres18.bib},
	doi = {10.1016/j.datak.2018.09.001},
	journal = {Data Knowl. Eng.},
	pages = {25--40},
	timestamp = {Fri, 09 Apr 2021 01:00:00 +0200},
	title = {Aligning textual and model-based process descriptions},
	url = {https://doi.org/10.1016/j.datak.2018.09.001},
	volume = {118},
	year = {2018},
	Bdsk-Url-1 = {https://doi.org/10.1016/j.datak.2018.09.001}}

@article{DBLP:journals/is/AaLR18,
	author = {Han van der Aa and Henrik Leopold and Hajo A. Reijers},
	bibsource = {dblp computer science bibliography, https://dblp.org},
	biburl = {https://dblp.org/rec/journals/is/AaLR18.bib},
	doi = {10.1016/j.is.2018.01.007},
	journal = {Inf. Syst.},
	pages = {83--95},
	timestamp = {Fri, 09 Apr 2021 01:00:00 +0200},
	title = {Checking process compliance against natural language specifications using behavioral spaces},
	url = {https://doi.org/10.1016/j.is.2018.01.007},
	volume = {78},
	year = {2018},
	Bdsk-Url-1 = {https://doi.org/10.1016/j.is.2018.01.007}}

@inproceedings{bpm2018phdabstract,
	author = {Han van der Aa},
	bibsource = {dblp computer science bibliography, https://dblp.org},
	biburl = {https://dblp.org/rec/conf/bpm/Aa18.bib},
	booktitle = {Proceedings of the Dissertation Award, Demonstration, and Industrial Track at {BPM} 2018 co-located with 16th International Conference on Business Process Management {(BPM} 2018), Sydney, Australia, September 9-14, 2018},
	date-modified = {2021-04-12 20:45:40 +0200},
	editor = {Wil M. P. van der Aalst and Fabio Casati and Raffaele Conforti and Massimiliano de Leoni and Marlon Dumas and Akhil Kumar and Jan Mendling and Surya Nepal and Brian T. Pentland and Barbara Weber},
	pages = {16--20},
	publisher = {CEUR-WS.org},
	series = {{CEUR} Workshop Proceedings},
	timestamp = {Wed, 12 Feb 2020 16:44:57 +0100},
	title = {Comparing and Aligning Process Representations},
	url = {http://ceur-ws.org/Vol-2196/BPM\_2018\_paper\_4.pdf},
	volume = {2196},
	year = {2018},
	Bdsk-Url-1 = {http://ceur-ws.org/Vol-2196/BPM%5C_2018%5C_paper%5C_4.pdf}}

@inproceedings{DBLP:conf/caise/LeopoldAR18,
	author = {Henrik Leopold and Han van der Aa and Hajo A. Reijers},
	bibsource = {dblp computer science bibliography, https://dblp.org},
	biburl = {https://dblp.org/rec/conf/caise/LeopoldAR18.bib},
	booktitle = {Enterprise, Business-Process and Information Systems Modeling - 19th International Conference, {BPMDS} 2018, 23rd International Conference, {EMMSAD} 2018, Held at CAiSE 2018, Tallinn, Estonia, June 11-12, 2018, Proceedings},
	doi = {10.1007/978-3-319-91704-7\_5},
	editor = {Jens Gulden and Iris Reinhartz{-}Berger and Rainer Schmidt and S{\'{e}}rgio Guerreiro and Wided Gu{\'{e}}dria and Palash Bera},
	pages = {67--81},
	publisher = {Springer},
	series = {Lecture Notes in Business Information Processing},
	timestamp = {Fri, 09 Apr 2021 01:00:00 +0200},
	title = {Identifying Candidate Tasks for Robotic Process Automation in Textual Process Descriptions},
	url = {https://doi.org/10.1007/978-3-319-91704-7\_5},
	volume = {318},
	year = {2018},
	Bdsk-Url-1 = {https://doi.org/10.1007/978-3-319-91704-7%5C_5}}

@inproceedings{DBLP:conf/coling/AaCLMP18,
	author = {Han van der Aa and Josep Carmona and Henrik Leopold and Jan Mendling and Llu{\'{\i}}s Padr{\'{o}}},
	bibsource = {dblp computer science bibliography, https://dblp.org},
	biburl = {https://dblp.org/rec/conf/coling/AaCLMP18.bib},
	booktitle = {Proceedings of the 27th International Conference on Computational Linguistics, {COLING} 2018, Santa Fe, New Mexico, USA, August 20-26, 2018},
	editor = {Emily M. Bender and Leon Derczynski and Pierre Isabelle},
	pages = {2791--2801},
	publisher = {Association for Computational Linguistics},
	timestamp = {Mon, 16 Sep 2019 17:08:53 +0200},
	title = {Challenges and Opportunities of Applying Natural Language Processing in Business Process Management},
	url = {https://www.aclweb.org/anthology/C18-1236/},
	year = {2018},
	Bdsk-Url-1 = {https://www.aclweb.org/anthology/C18-1236/}}

@inproceedings{DBLP:conf/lwa/OffelAW18,
	author = {Michael Offel and Han van der Aa and Matthias Weidlich},
	bibsource = {dblp computer science bibliography, https://dblp.org},
	biburl = {https://dblp.org/rec/conf/lwa/OffelAW18.bib},
	booktitle = {Proceedings of the Conference "Lernen, Wissen, Daten, Analysen", {LWDA} 2018, Mannheim, Germany, August 22-24, 2018},
	editor = {Rainer Gemulla and Simone Paolo Ponzetto and Christian Bizer and Margret Keuper and Heiner Stuckenschmidt},
	pages = {281--284},
	publisher = {CEUR-WS.org},
	series = {{CEUR} Workshop Proceedings},
	timestamp = {Wed, 12 Feb 2020 16:45:19 +0100},
	title = {Towards Net-based Formal Methods for Complex Event Processing},
	url = {http://ceur-ws.org/Vol-2191/paper32.pdf},
	volume = {2191},
	year = {2018},
	Bdsk-Url-1 = {http://ceur-ws.org/Vol-2191/paper32.pdf}}

@article{DBLP:journals/is/AaLR17,
	author = {Han van der Aa and Henrik Leopold and Hajo A. Reijers},
	bibsource = {dblp computer science bibliography, https://dblp.org},
	biburl = {https://dblp.org/rec/journals/is/AaLR17.bib},
	doi = {10.1016/j.is.2016.07.010},
	journal = {Inf. Syst.},
	pages = {447--460},
	timestamp = {Fri, 09 Apr 2021 01:00:00 +0200},
	title = {Comparing textual descriptions to process models - The automatic detection of inconsistencies},
	url = {https://doi.org/10.1016/j.is.2016.07.010},
	volume = {64},
	year = {2017},
	Bdsk-Url-1 = {https://doi.org/10.1016/j.is.2016.07.010}}

@article{DBLP:journals/is/AaLdRR17,
	author = {Han van der Aa and Henrik Leopold and Adela del{-}R{\'{\i}}o{-}Ortega and Manuel Resinas and Hajo A. Reijers},
	bibsource = {dblp computer science bibliography, https://dblp.org},
	biburl = {https://dblp.org/rec/journals/is/AaLdRR17.bib},
	doi = {10.1016/j.is.2017.06.005},
	journal = {Inf. Syst.},
	pages = {27--39},
	timestamp = {Fri, 09 Apr 2021 01:00:00 +0200},
	title = {Transforming unstructured natural language descriptions into measurable process performance indicators using Hidden Markov Models},
	url = {https://doi.org/10.1016/j.is.2017.06.005},
	volume = {71},
	year = {2017},
	Bdsk-Url-1 = {https://doi.org/10.1016/j.is.2017.06.005}}

@inproceedings{amcis2017fragmentation,
	author = {Han van der Aa and Henrik Leopold and Inge van de Weerd and Hajo A. Reijers},
	bibsource = {dblp computer science bibliography, https://dblp.org},
	biburl = {https://dblp.org/rec/conf/amcis/AaLWR17.bib},
	booktitle = {23rd Americas Conference on Information Systems, {AMCIS} 2017, Boston, MA, USA, August 10-12, 2017},
	date-modified = {2021-04-12 20:45:08 +0200},
	publisher = {Association for Information Systems},
	timestamp = {Tue, 23 May 2017 14:16:12 +0200},
	title = {Causes and Consequences of Fragmented Process Information: Insights from a Case Study},
	url = {http://aisel.aisnet.org/amcis2017/OrganizationalIS/Presentations/6},
	year = {2017},
	Bdsk-Url-1 = {http://aisel.aisnet.org/amcis2017/OrganizationalIS/Presentations/6}}

@inproceedings{DBLP:conf/caise/AaLR17,
	author = {Han van der Aa and Henrik Leopold and Hajo A. Reijers},
	bibsource = {dblp computer science bibliography, https://dblp.org},
	biburl = {https://dblp.org/rec/conf/caise/AaLR17.bib},
	booktitle = {Advanced Information Systems Engineering - 29th International Conference, CAiSE 2017, Essen, Germany, June 12-16, 2017, Proceedings},
	doi = {10.1007/978-3-319-59536-8\_6},
	editor = {Eric Dubois and Klaus Pohl},
	pages = {79--93},
	publisher = {Springer},
	series = {Lecture Notes in Computer Science},
	timestamp = {Fri, 09 Apr 2021 01:00:00 +0200},
	title = {Checking Process Compliance on the Basis of Uncertain Event-to-Activity Mappings},
	url = {https://doi.org/10.1007/978-3-319-59536-8\_6},
	volume = {10253},
	year = {2017},
	Bdsk-Url-1 = {https://doi.org/10.1007/978-3-319-59536-8%5C_6}}

@inproceedings{DBLP:conf/caise/AaGLRSS17,
	author = {Han van der Aa and Avigdor Gal and Henrik Leopold and Hajo A. Reijers and Tomer Sagi and Roee Shraga},
	bibsource = {dblp computer science bibliography, https://dblp.org},
	biburl = {https://dblp.org/rec/conf/caise/AaGLRSS17.bib},
	booktitle = {Advanced Information Systems Engineering - 29th International Conference, CAiSE 2017, Essen, Germany, June 12-16, 2017, Proceedings},
	doi = {10.1007/978-3-319-59536-8\_18},
	editor = {Eric Dubois and Klaus Pohl},
	pages = {283--297},
	publisher = {Springer},
	series = {Lecture Notes in Computer Science},
	timestamp = {Fri, 09 Apr 2021 01:00:00 +0200},
	title = {Instance-Based Process Matching Using Event-Log Information},
	url = {https://doi.org/10.1007/978-3-319-59536-8\_18},
	volume = {10253},
	year = {2017},
	Bdsk-Url-1 = {https://doi.org/10.1007/978-3-319-59536-8%5C_18}}

@article{DBLP:journals/cii/AaRV16,
	author = {Han van der Aa and Hajo A. Reijers and Irene T. P. Vanderfeesten},
	bibsource = {dblp computer science bibliography, https://dblp.org},
	biburl = {https://dblp.org/rec/journals/cii/AaRV16.bib},
	doi = {10.1016/j.compind.2015.04.005},
	journal = {Comput. Ind.},
	pages = {162--177},
	timestamp = {Fri, 09 Apr 2021 01:00:00 +0200},
	title = {Designing like a Pro: The automated composition of workflow activities},
	url = {https://doi.org/10.1016/j.compind.2015.04.005},
	volume = {75},
	year = {2016},
	Bdsk-Url-1 = {https://doi.org/10.1016/j.compind.2015.04.005}}

@article{DBLP:journals/dss/CiccioACMP16,
	author = {Claudio Di Ciccio and Han van der Aa and Cristina Cabanillas and Jan Mendling and Johannes Prescher},
	bibsource = {dblp computer science bibliography, https://dblp.org},
	biburl = {https://dblp.org/rec/journals/dss/CiccioACMP16.bib},
	doi = {10.1016/j.dss.2016.05.004},
	journal = {Decis. Support Syst.},
	pages = {1--17},
	timestamp = {Fri, 09 Apr 2021 01:00:00 +0200},
	title = {Detecting flight trajectory anomalies and predicting diversions in freight transportation},
	url = {https://doi.org/10.1016/j.dss.2016.05.004},
	volume = {88},
	year = {2016},
	Bdsk-Url-1 = {https://doi.org/10.1016/j.dss.2016.05.004}}

@article{DBLP:journals/emisa/CiccioACMP16,
	author = {Claudio Di Ciccio and Han van der Aa and Cristina Cabanillas and Jan Mendling and Johannes Prescher},
	bibsource = {dblp computer science bibliography, https://dblp.org},
	biburl = {https://dblp.org/rec/journals/emisa/CiccioACMP16.bib},
	journal = {{EMISA} Forum},
	number = {2},
	pages = {41--44},
	timestamp = {Tue, 15 Sep 2020 01:00:00 +0200},
	title = {Detecting Flight Trajectory Anomalies and Predicting Diversions in Freight Transportation},
	volume = {36},
	year = {2016}}

@inproceedings{amcis2016factors,
	author = {Ermeson C. Andrade and Han van der Aa and Henrik Leopold and Steven Alter and Hajo A. Reijers},
	bibsource = {dblp computer science bibliography, https://dblp.org},
	biburl = {https://dblp.org/rec/conf/amcis/AndradeALAR16.bib},
	booktitle = {22nd Americas Conference on Information Systems, {AMCIS} 2016, San Diego, CA, USA, August 11-14, 2016},
	date-modified = {2021-04-12 20:45:02 +0200},
	publisher = {Association for Information Systems},
	timestamp = {Fri, 15 Sep 2017 01:00:00 +0200},
	title = {Factors Leading to Business Process Noncompliance and its Positive and Negative Effects: Empirical Insights from a Case Study},
	url = {http://aisel.aisnet.org/amcis2016/EndUser/Presentations/2},
	year = {2016},
	Bdsk-Url-1 = {http://aisel.aisnet.org/amcis2016/EndUser/Presentations/2}}

@inproceedings{DBLP:conf/bpm/AaLR16,
	author = {Han van der Aa and Henrik Leopold and Hajo A. Reijers},
	bibsource = {dblp computer science bibliography, https://dblp.org},
	biburl = {https://dblp.org/rec/conf/bpm/AaLR16.bib},
	booktitle = {Business Process Management - 14th International Conference, {BPM} 2016, Rio de Janeiro, Brazil, September 18-22, 2016. Proceedings},
	doi = {10.1007/978-3-319-45348-4\_16},
	editor = {Marcello La Rosa and Peter Loos and Oscar Pastor},
	pages = {271--288},
	publisher = {Springer},
	series = {Lecture Notes in Computer Science},
	timestamp = {Fri, 09 Apr 2021 01:00:00 +0200},
	title = {Dealing with Behavioral Ambiguity in Textual Process Descriptions},
	url = {https://doi.org/10.1007/978-3-319-45348-4\_16},
	volume = {9850},
	year = {2016},
	Bdsk-Url-1 = {https://doi.org/10.1007/978-3-319-45348-4%5C_16}}

@inproceedings{DBLP:conf/caise/LeopoldAPRMR16,
	author = {Henrik Leopold and Han van der Aa and Fabian Pittke and Manuel Raffel and Jan Mendling and Hajo A. Reijers},
	bibsource = {dblp computer science bibliography, https://dblp.org},
	biburl = {https://dblp.org/rec/conf/caise/LeopoldAPRMR16.bib},
	booktitle = {Enterprise, Business-Process and Information Systems Modeling - 17th International Conference, {BPMDS} 2016, 21st International Conference, {EMMSAD} 2016, Held at CAiSE 2016, Ljubljana, Slovenia, June 13-14, 2016, Proceedings},
	doi = {10.1007/978-3-319-39429-9\_4},
	editor = {Rainer Schmidt and Wided Gu{\'{e}}dria and Ilia Bider and S{\'{e}}rgio Guerreiro},
	pages = {51--65},
	publisher = {Springer},
	series = {Lecture Notes in Business Information Processing},
	timestamp = {Fri, 09 Apr 2021 01:00:00 +0200},
	title = {Integrating Textual and Model-Based Process Descriptions for Comprehensive Process Search},
	url = {https://doi.org/10.1007/978-3-319-39429-9\_4},
	volume = {248},
	year = {2016},
	Bdsk-Url-1 = {https://doi.org/10.1007/978-3-319-39429-9%5C_4}}

@inproceedings{DBLP:conf/caise/AadRLCMR16,
	author = {Han van der Aa and Adela del{-}R{\'{\i}}o{-}Ortega and Manuel Resinas and Henrik Leopold and Antonio Ruiz Cort{\'{e}}s and Jan Mendling and Hajo A. Reijers},
	bibsource = {dblp computer science bibliography, https://dblp.org},
	biburl = {https://dblp.org/rec/conf/caise/AadRLCMR16.bib},
	booktitle = {Advanced Information Systems Engineering - 28th International Conference, CAiSE 2016, Ljubljana, Slovenia, June 13-17, 2016. Proceedings},
	doi = {10.1007/978-3-319-39696-5\_33},
	editor = {Selmin Nurcan and Pnina Soffer and Marko Bajec and Johann Eder},
	pages = {543--557},
	publisher = {Springer},
	series = {Lecture Notes in Computer Science},
	timestamp = {Fri, 09 Apr 2021 01:00:00 +0200},
	title = {Narrowing the Business-IT Gap in Process Performance Measurement},
	url = {https://doi.org/10.1007/978-3-319-39696-5\_33},
	volume = {9694},
	year = {2016},
	Bdsk-Url-1 = {https://doi.org/10.1007/978-3-319-39696-5%5C_33}}

@inproceedings{DBLP:conf/emisa/CiccioACMP16,
	author = {Claudio Di Ciccio and Han van der Aa and Cristina Cabanillas and Jan Mendling and Johannes Prescher},
	bibsource = {dblp computer science bibliography, https://dblp.org},
	biburl = {https://dblp.org/rec/conf/emisa/CiccioACMP16.bib},
	booktitle = {Proceedings of the 7th International Workshop on Enterprise Modeling and Information Systems Architectures, {EMISA} 2016: Fachgruppentreffen der GI-Fachgruppe Entwicklungsmethoden f{\"{u}}r Informationssysteme und deren Anwendung, Vienna, Austria, October 3-4, 2016},
	editor = {Jan Mendling and Stefanie Rinderle{-}Ma},
	pages = {56--59},
	publisher = {CEUR-WS.org},
	series = {{CEUR} Workshop Proceedings},
	timestamp = {Wed, 12 Feb 2020 16:44:26 +0100},
	title = {Detecting Flight Trajectory Anomalies and Predicting Diversions in Freight Transportation (Extended Abstract)},
	url = {http://ceur-ws.org/Vol-1701/paper14.pdf},
	volume = {1701},
	year = {2016},
	Bdsk-Url-1 = {http://ceur-ws.org/Vol-1701/paper14.pdf}}

@inproceedings{DBLP:conf/er/KussLASR16,
	author = {Elena Kuss and Henrik Leopold and Han van der Aa and Heiner Stuckenschmidt and Hajo A. Reijers},
	bibsource = {dblp computer science bibliography, https://dblp.org},
	biburl = {https://dblp.org/rec/conf/er/KussLASR16.bib},
	booktitle = {Conceptual Modeling - 35th International Conference, {ER} 2016, Gifu, Japan, November 14-17, 2016, Proceedings},
	doi = {10.1007/978-3-319-46397-1\_22},
	editor = {Isabelle Comyn{-}Wattiau and Katsumi Tanaka and Il{-}Yeol Song and Shuichiro Yamamoto and Motoshi Saeki},
	pages = {279--292},
	series = {Lecture Notes in Computer Science},
	timestamp = {Wed, 25 Sep 2019 01:00:00 +0200},
	title = {Probabilistic Evaluation of Process Model Matching Techniques},
	url = {https://doi.org/10.1007/978-3-319-46397-1\_22},
	volume = {9974},
	year = {2016},
	Bdsk-Url-1 = {https://doi.org/10.1007/978-3-319-46397-1%5C_22}}

@inproceedings{DBLP:conf/bpm/AaLR15,
	author = {Han van der Aa and Henrik Leopold and Hajo A. Reijers},
	bibsource = {dblp computer science bibliography, https://dblp.org},
	biburl = {https://dblp.org/rec/conf/bpm/AaLR15.bib},
	booktitle = {Business Process Management - 13th International Conference, {BPM} 2015, Innsbruck, Austria, August 31 - September 3, 2015, Proceedings},
	doi = {10.1007/978-3-319-23063-4\_6},
	editor = {Hamid Reza Motahari{-}Nezhad and Jan Recker and Matthias Weidlich},
	pages = {90--105},
	publisher = {Springer},
	series = {Lecture Notes in Computer Science},
	timestamp = {Fri, 09 Apr 2021 01:00:00 +0200},
	title = {Detecting Inconsistencies Between Process Models and Textual Descriptions},
	url = {https://doi.org/10.1007/978-3-319-23063-4\_6},
	volume = {9253},
	year = {2015},
	Bdsk-Url-1 = {https://doi.org/10.1007/978-3-319-23063-4%5C_6}}

@inproceedings{DBLP:conf/bpm/AaLBWR15,
	author = {Han van der Aa and Henrik Leopold and Kimon Batoulis and Mathias Weske and Hajo A. Reijers},
	bibsource = {dblp computer science bibliography, https://dblp.org},
	biburl = {https://dblp.org/rec/conf/bpm/AaLBWR15.bib},
	booktitle = {Business Process Management Workshops - {BPM} 2015, 13th International Workshops, Innsbruck, Austria, August 31 - September 3, 2015, Revised Papers},
	doi = {10.1007/978-3-319-42887-1\_33},
	editor = {Manfred Reichert and Hajo A. Reijers},
	pages = {405--417},
	publisher = {Springer},
	series = {Lecture Notes in Business Information Processing},
	timestamp = {Fri, 09 Apr 2021 01:00:00 +0200},
	title = {Integrated Process and Decision Modeling for Data-Driven Processes},
	url = {https://doi.org/10.1007/978-3-319-42887-1\_33},
	volume = {256},
	year = {2015},
	Bdsk-Url-1 = {https://doi.org/10.1007/978-3-319-42887-1%5C_33}}

@inproceedings{DBLP:conf/caise/AaLMR15,
	author = {Han van der Aa and Henrik Leopold and Felix Mannhardt and Hajo A. Reijers},
	bibsource = {dblp computer science bibliography, https://dblp.org},
	biburl = {https://dblp.org/rec/conf/caise/AaLMR15.bib},
	booktitle = {Enterprise, Business-Process and Information Systems Modeling - 16th International Conference, {BPMDS} 2015, 20th International Conference, {EMMSAD} 2015, Held at CAiSE 2015, Stockholm, Sweden, June 8-9, 2015, Proceedings},
	doi = {10.1007/978-3-319-19237-6\_1},
	editor = {Khaled Gaaloul and Rainer Schmidt and Selmin Nurcan and S{\'{e}}rgio Guerreiro and Qin Ma},
	pages = {3--18},
	publisher = {Springer},
	series = {Lecture Notes in Business Information Processing},
	timestamp = {Fri, 09 Apr 2021 01:00:00 +0200},
	title = {On the Fragmentation of Process Information: Challenges, Solutions, and Outlook},
	url = {https://doi.org/10.1007/978-3-319-19237-6\_1},
	volume = {214},
	year = {2015},
	Bdsk-Url-1 = {https://doi.org/10.1007/978-3-319-19237-6%5C_1}}

@inproceedings{DBLP:conf/bpm/AaRV13,
	author = {Han van der Aa and Hajo A. Reijers and Irene T. P. Vanderfeesten},
	bibsource = {dblp computer science bibliography, https://dblp.org},
	biburl = {https://dblp.org/rec/conf/bpm/AaRV13.bib},
	booktitle = {Business Process Management - 11th International Conference, {BPM} 2013, Beijing, China, August 26-30, 2013. Proceedings},
	doi = {10.1007/978-3-642-40176-3\_23},
	editor = {Florian Daniel and Jianmin Wang and Barbara Weber},
	pages = {275--282},
	publisher = {Springer},
	series = {Lecture Notes in Computer Science},
	timestamp = {Fri, 09 Apr 2021 01:00:00 +0200},
	title = {Composing Workflow Activities on the Basis of Data-Flow Structures},
	url = {https://doi.org/10.1007/978-3-642-40176-3\_23},
	volume = {8094},
	year = {2013},
	Bdsk-Url-1 = {https://doi.org/10.1007/978-3-642-40176-3%5C_23}}
